2299 3188
1784 256 1836 295 61

211 382 435 448 Moxqvc
474 398 678 447 prcceS,
716 382 1036 447 lachrymas,
1073 381 1290 447 plausus
1330 382 1559 431 confudit
1596 384 1645 431 in
1684 399 1862 447 uuum,

349 475 542 524 Oscula
582 476 862 524 corticibus
900 475 1062 523 multa
1101 475 1138 523 ἃ
1177 489 1362 523 amara
1400 476 1561 525 dedit:

211 567 406 614 Annuit
442 567 499 614 Ei
535 567 756 630 Laurus,
794 567 887 615 fuit
922 567 1036 631 ipsa
1074 566 1170 615 sub
1211 566 1397 615 arbore
1432 566 1587 629 Diva,

347 659 517 706 Anxia
554 674 646 723 pro
687 660 838 707 casta
874 659 1076 723 virgine
1115 658 1264 722 Virgo
1302 658 1415 708 fuit:

212 750 322 798 Exit
361 752 397 799 ἃ
437 750 468 798 a
507 750 673 799 calido
710 750 1010 815 Nympham
1046 750 1163 799 Dea
1202 750 1395 799 cortice
1434 749 1591 811 vellit,

346 842 407 889 Et
444 843 582 891 subit
617 843 668 890 in
705 843 964 906 gremium
1002 857 1103 907 qvo
1141 842 1283 906 prius
1322 842 1479 890 arbor
1517 843 1644 890 crat.

215 934 341 982 Cum
380 934 656 983 tremulum
695 934 837 997 vidit,
873 934 1120 998 pallentia
1157 933 1277 981 lusit
1313 933 1363 981 in
1403 949 1512 996 ora,

352 1027 494 1075 Lusit
531 1026 571 1075 ἅν
608 1027 659 1074 in
696 1026 903 1075 laceros
939 1026 1078 1075 Diva
1116 1025 1304 1091 jocosa
1340 1026 1502 1075 sinus,

215 1119 489 1183 Qvumqve
526 1119 658 1184 jocis
697 1118 927 1167 animum
967 1116 1166 1166 dederit
1201 1116 1497 1180 faciemqve
1535 1114 1744 1177 Puellae,

350 1211 639 1274 Alloqvitur
675 1210 877 1258 blandis
915 1209 1052 1258 seria
1090 1208 1244 1257 mista
1282 1209 1446 1257 sonis:

214 1303 403 1351 Nescis
438 1303 479 1349 ἃ
518 1305 546 1350 ὁ
585 1302 762 1351 nescis
799 1301 1062 1350 thalamos
1103 1315 1235 1364 qvos
1275 1299 1480 1364 effugis,
1518 1298 1697 1362 inqvit7

352 1394 591 1458 Sceptra,
627 1393 817 1442 DEUM
854 1393 1014 1457 ponti,
1052 1392 1364 1455 divitiasqve
1402 1391 1555 1455 fugis,

215 1486 369 1549 Siste,
406 1485 611 1535 Perilla!
650 1486 867 1550 gradus7
907 1484 1079 1549 agitur
1115 1498 1238 1547 pars
1276 1484 1428 1532 tertia
1465 1482 1662 1543 mundi,

349 1577 676 1641 Sceptraqve
712 1577 902 1625 Junoni
941 1576 978 1625 δι
1013 1591 1182 1640 regna
1218 1575 1455 1624 secunda
1491 1574 1631 1635 Jovi3

214 1670 379 1731 Qvem
416 1669 572 1733 fugis„
611 1667 638 1717 e
677 1668 849 1716 multis
886 1667 1062 1716 multae
1099 1668 1295 1731 petiere
1333 1666 1542 1727 Puellae,

349 1761 592 1825 Votaqve
630 1761 911 1808 multarum
949 1760 1061 1808 sola
1098 1760 1283 1808 Perilla
1318 1759 1470 1823 fugis.

215 1854 316 1902 Cur
352 1853 475 1901 mihi
509 1851 773 1913 blandiris!
813 1867 905 1900 cur
941 1866 1024 1900 me
1060 1851 1175 1900 Tua
1212 1851 1430 1900 brachia
1469 1848 1721 1909 mulcent,

349 1944 418 1992 Es
454 1958 593 2004 mea,
633 1943 789 1991 crede
826 1943 966 2005 mihi,
1003 1958 1244 2007 sumqve‚
1282 1941 1487 1991 Perilla!
1526 1940 1663 2000 Tua:

214 2036 417 2099 Inspice
456 2035 499 2083 si
535 2034 707 2097 possis
744 2037 931 2097 pectus
968 2036 1054 2084 vel
1095 2035 1132 2084 <3³1v
1168 2035 1366 2098 inspice
1405 2033 1623 2094 vultum,

352 2126 449 2175 Dic
486 2124 608 2173 mihi
647 2140 771 2173 num
809 2127 967 2191 pluris
1004 2127 1079 2175 Te
1116 2126 1228 2175 Tua
1266 2128 1436 2175 mater
1475 2128 1630 2174 amet.

216 2219 360 2267 Affer
399 2233 568 2282 opem⁷
609 2220 823 2282 clamas,
860 2233 1088 2283 magnus
1125 2218 1233 2266 Tibi
1271 2217 1476 2267 Nereus
1513 2217 1690 2277 instat,

356 2310 608 2375 Qvicqvid
648 2311 758 2375 opis
791 2311 1005 2376 possim,
1041 2324 1126 2357 me
1163 2309 1438 2372 tribuente,
1474 2309 1635 2357 feres:

217 2403 512 2466 Inspiceres
549 2403 748 2451 utinam
785 2402 1015 2451 volucris
1051 2403 1142 2449 tua
1180 2402 1417 2464 tempora
1453 2400 1593 2461 vitae„

355 2493 551 2558 Sponte
589 2509 688 2543 nec
727 2494 867 2543 hunc
904 2494 1114 2557 peteres
1152 2492 1425 2541 sollicitata
1462 2493 1654 2540 torum:

218 2585 461 2650 AEqvoris
497 2586 547 2634 in
585 2586 815 2635 thalamo
854 2584 1128 2649 Nymphas
1164 2586 1283 2648 post
1320 2583 1463 2632 secla
1502 2582 1749 2631 sedentes

354 2677 593 2740 Aspicies
634 2676 795 2725 oculis
833 2676 1008 2724 invida
1045 2691 1188 2740 saepe
1225 2675 1366 2724 Tuis.
