2299 3188
1795 264 1850 305 79

222 394 290 442 Es
329 395 476 458 quasi
515 393 864 455 Narcissus,
905 393 1037 442 solet
1074 393 1117 440 is
1154 391 1525 456 pallescere,
1562 392 1707 455 primi

357 485 617 549 Tempora
658 501 777 534 eum
816 485 956 534 veris
993 484 1317 549 pulchraque
1354 483 1496 550 Maja
1538 485 1691 533 venit.

963 659 1158 713 Aliter.

346 780 443 829 Um
483 796 657 830 novus
694 781 743 829 in
782 780 1016 829 Vernos
1055 779 1165 828 ales
1202 779 1300 827 fert
1336 779 1589 828 stramina
1626 779 1814 841 nidos

382 872 509 922 Cum
550 873 741 939 conjux
777 872 994 921 volucer
1030 886 1089 920 se
1127 885 1286 935 super
1324 885 1440 919 ova
1477 870 1637 920 locat:

222 964 370 1013 Tune
411 964 555 1013 cadis
596 964 866 1026 exanimis,
902 979 1002 1012 nee
1039 962 1236 1027 pullos
1276 962 1417 1011 elieis
1456 963 1614 1026 ovis3

377 1057 628 1105 Nidulus
667 1057 885 1121 exiguas
923 1071 1022 1106 nee
1060 1057 1183 1104 tuus
1223 1055 1362 1104 abdit
1401 1070 1566 1104 aveS.

412 1291 476 1345 In
521 1292 752 1344 Poetam
794 1292 1119 1363 naufragum
1164 1296 1197 1345 ἅ
1244 1292 1361 1364 ejus
1405 1290 1717 1344 Camenam.

337 1401 448 1448 Roh
487 1400 650 1449 dolor!
689 1401 739 1448 in
777 1400 960 1464 gelidis
996 1401 1139 1467 jacet
1174 1401 1223 1449 Is
1261 1400 1678 1465 gelidissimus
1717 1400 1885 1462 undiS‚

371 1493 426 1540 In
467 1492 617 1558 eujus
655 1494 858 1541 tantum
893 1492 1191 1557 lampadis
1231 1506 1319 1540 ore
1357 1491 1473 1541 fuit:

223 1584 357 1633 Proh
397 1584 560 1633 dolor!
598 1585 648 1633 in
685 1585 849 1649 frigus
886 1583 1148 1632 formosus
1186 1583 1404 1632 vertitur
1440 1582 1616 1646 ignis,

373 1678 543 1741 Atque
582 1678 631 1725 in
669 1677 919 1741 pallorem
956 1678 1134 1724 tantus
1171 1676 1222 1723 in
1261 1691 1350 1724 ore
1388 1675 1585 1724 rubor.

223 1771 350 1830 Quid
391 1786 509 1818 eum
547 1770 680 1818 Vate
718 1769 866 1831 veliS‚
903 1769 1117 1833 Raptor!
1156 1784 1260 1817 non
1300 1769 1479 1817 cantat
1516 1768 1565 1815 in
1605 1768 1773 1827 undis‚

376 1861 436 1909 Et
474 1862 669 1910 tibimet
706 1862 911 1910 Musam
950 1877 1054 1910 non
1093 1860 1231 1910 dabit
1270 1861 1350 1909 ille
1389 1876 1557 1909 suam.

964 2035 1159 2089 Aliter.

227 2150 393 2301 EN
431 2156 561 2220 perit
596 2156 645 2203 in
683 2156 884 2221 gelidis,
921 2156 1050 2220 proh
1087 2156 1280 2205 luctus!
1321 2155 1611 2219 naufragus
1650 2155 1802 2202 undis

386 2248 710 2296 Carminibus
748 2248 952 2311 poterat
990 2248 1074 2311 qvi
1114 2248 1318 2296 sociare
1358 2246 1528 2297 fidem.

222 2339 360 2388 Eece
399 2355 494 2387 suo
531 2339 749 2405 junctim
786 2339 1000 2387 moritur
1038 2353 1157 2387 eum
1193 2339 1327 2387 Vate
1368 2338 1654 2399 Camena3

376 2432 511 2480 Num
548 2431 675 2480 Dea
711 2431 785 2479 sie
823 2431 986 2494 possit
1022 2446 1216 2479 numne
1257 2430 1519 2480 Camena
1553 2430 1697 2478 mori.

225 2526 457 2589 Cumque
494 2523 581 2571 Illo
617 2524 834 2589 junctim
870 2523 1084 2571 moritur
1122 2538 1328 2587 qvoque
1367 2523 1589 2571 multus
1627 2521 1861 2584 Apollog

374 2616 580 2664 Numne
616 2614 780 2663 Deus
820 2615 1000 2678 possit⁷
1037 2630 1162 2662 num
1198 2615 1283 2663 vel
1320 2614 1531 2678 Apollo
1570 2613 1714 2661 mori.

222 2709 303 2756 Ah
341 2710 466 2757 non!
504 2707 655 2755 Musa
694 2707 846 2754 modo
884 2707 1047 2768 vivat,
1085 2708 1238 2754 modo
1277 2707 1420 2755 vivat
1459 2706 1662 2770 Apollo:

378 2800 541 2848 Crede
580 2799 701 2846 mihi
738 2799 878 2846 haud
917 2799 1127 2862 poteris,
1167 2798 1334 2846 Chare
1373 2799 1555 2848 Poeta!
1595 2799 1738 2846 mori.
