2299 3188
1825 216 1879 258 73

314 343 404 391 Hic
445 343 639 391 circum
678 342 918 390 incudem
959 343 1141 406 pergit,
1182 343 1393 407 diffingit
1434 346 1467 393 ἃ
1509 348 1675 408 ornat,

452 435 646 499 Ingerit
682 435 764 483 hic
802 435 970 483 rivum
1004 436 1207 499 grande
1247 437 1483 485 sonantis
1523 454 1689 502 aquae.

314 527 386 575 Ex
422 528 592 576 sonitu
631 527 772 576 surdi
809 527 1038 589 stabant,
1077 542 1140 576 ex
1177 527 1423 592 sulphure
1462 531 1614 594 nigri3

446 620 594 669 Adde
632 620 786 669 modo
824 635 988 685 rugas
1028 635 1120 668 ora
1159 619 1433 670 Charontis
1471 623 1635 672 erant.

1123 907 1179 955 In

782 1012 1053 1067 Fodinam
1097 1013 1520 1068 Fahlunensem.

437 1176 480 1224 N
518 1177 730 1226 mirum!
769 1178 817 1225 in
858 1178 1011 1226 situla
1049 1178 1252 1242 superis
1294 1178 1507 1228 delabor
1545 1180 1608 1228 ab
1650 1180 1809 1242 auris,

315 1171 433 1322 Ε
469 1269 529 1316 Et
566 1269 704 1318 feror
742 1270 804 1317 ad
846 1284 1031 1318 manes
1068 1271 1326 1333 pendulus
1364 1287 1533 1335 usque
1573 1273 1767 1337 nigros.

311 1362 414 1411 Sed
447 1360 567 1408 mihi
607 1361 728 1408 dum
765 1361 934 1409 medio
971 1361 1218 1410 vibrabar
1253 1363 1303 1410 in
1344 1378 1468 1412 aere
1504 1365 1759 1427 pendens,

449 1452 616 1501 Dulce
652 1452 745 1500 fuit
781 1468 966 1502 sacros
1007 1454 1337 1504 concinuisse
1375 1457 1578 1518 modOS‚

307 1545 477 1594 Dulce
514 1545 606 1593 fuit
643 1546 855 1594 tenuem
893 1545 1236 1611 fragilemque
1277 1549 1572 1612 expendere
1611 1549 1789 1611 vitam,

442 1638 631 1686 Funis
679 1638 749 1686 ab
791 1638 1038 1687 arbitrio
1081 1655 1210 1703 qvae
1253 1641 1400 1689 mihi
1444 1643 1573 1691 tota
1614 1643 1802 1691 stetit.

307 1731 443 1780 Ecce
482 1732 530 1779 in
569 1731 788 1780 fodinae
824 1731 1036 1780 latebris
1074 1733 1173 1780 ruit
1208 1734 1376 1782 infera
1411 1735 1581 1797 turba,

444 1822 549 1871 Sub
588 1823 734 1871 vultu
767 1823 916 1872 fusco
954 1839 1038 1873 me
1079 1825 1400 1890 comitesque
1438 1828 1683 1891 stupens:

308 1913 581 1964 Subvolvit
617 1915 856 1979 lapides
893 1932 1033 1980 pam,
1071 1933 1194 1981 pars
1231 1919 1282 1967 in
1320 1919 1580 1983 pulvere
1619 1921 1791 1982 sudat,

442 2007 630 2073 Dejicit
667 2007 749 2057 hic
787 2008 1040 2072 lignum,
1078 2011 1314 2075 suggerit
1350 2011 1437 2061 Ille
1474 2012 1663 2062 faces.

306 2098 392 2147 Ille
431 2100 566 2148 subit
602 2100 902 2163 latebras,
940 2102 1032 2150 Hic
1072 2103 1262 2151 exserit
1300 2119 1391 2153 ora
1428 2105 1667 2154 lacunis

445 2192 593 2254 Usta,
632 2192 838 2241 Charon
874 2193 959 2242 vel
997 2210 1115 2258 qvae
1152 2196 1319 2245 rideat
1354 2197 1465 2260 ipse
1502 2198 1666 2262 niger.

307 2283 491 2331 Nititur
529 2284 612 2332 hic
650 2285 881 2333 tremulis
920 2286 1131 2349 scalis,
1169 2288 1387 2336 subsidit
1422 2290 1472 2337 in
1511 2306 1660 2338 urna

444 2376 553 2438 Hie,
590 2377 817 2425 medium
852 2379 1054 2426 tantum
1091 2381 1314 2429 sustinet
1352 2397 1485 2430 urna
1522 2383 1705 2432 virum.

308 2468 399 2516 Hic
438 2469 690 2517 sinuosa
727 2470 843 2518 terit
880 2471 1090 2530 strata,
1130 2472 1212 2520 hic
1252 2474 1302 2521 et
1333 2475 1502 2538 pergit
1537 2475 1587 2523 in
1627 2475 1826 2525 orbem:

442 2561 498 2608 In
537 2577 727 2625 gyrum
764 2577 959 2625 parvos
996 2563 1082 2612 llle
1120 2566 1368 2613 recurvat
1407 2581 1587 2630 quOS.

310 2653 494 2701 Omnia
531 2654 649 2717 qvid
687 2669 992 2716 memorem,
1030 2657 1151 2703 sunt
1188 2656 1342 2720 plena
1378 2658 1569 2707 laboris
1609 2660 1645 2708 ἃ
1688 2660 1827 2721 artis,

443 2744 558 2793 Non
599 2761 684 2793 ars
722 2747 943 2795 materia
981 2750 1076 2810 est,
1113 2748 1197 2796 illa
1233 2764 1333 2798 nec
1373 2752 1483 2799 arte
1521 2752 1701 2800 minor.
