2299 3188
481 238 537 281 88

424 367 552 417 XIII.

426 1431 558 1480 XIV.

628 367 851 417 Carmen
894 354 945 417 in
988 353 1383 434 typographiae*
1413 368 1646 419 sollenne
1685 369 1961 419 saeculare
1998 371 2103 419 ter-

623 461 749 508 tium
788 460 1109 509 celebratum
1145 461 1350 525 Lipsiae
1391 460 1536 511 1740.

738 574 1019 630 Impressum
1058 578 1127 617 est
1166 589 1256 617 una
1293 589 1393 617 cum
1436 575 1540 617 aliis
1583 575 1864 618 carminibus
1897 576 2104 630 ejusdem

623 656 806 711 generis
844 656 930 698 hoc
962 656 1096 698 titulo
1131 656 1382 698 communi:
1419 656 1660 698 »Carmina
1690 657 1737 698 in
1769 657 2104 714 typographiae

623 737 825 779 solemne
881 737 1087 780 seculare
1141 737 1325 779 tertium
1383 737 1665 780 celebratum
1719 737 1904 793 Lipsiae
1960 738 2011 780 A.
2056 738 2104 780 C.

625 817 896 860 MDCCXL»
932 818 979 860 in
1016 819 1301 872 &epo-iesenes
1332 819 1599 861 Andmzclccn
1630 833 1713 861 von
1743 819 2000 874 Erfindzmy
2031 821 2106 862 der

622 899 988 954 Buchdruckerey
1026 900 1104 942 wie
1140 900 1306 942 solches
1344 901 1392 942 in
1429 900 1613 954 Leipzig]
1652 901 1774 955 heym
1809 900 1991 943 Schluss
2034 902 2107 943 des

623 981 787 1022 dritten
826 980 1160 1024 Jahrlnmderts
1205 996 1288 1023 von
1336 982 1417 1024 den
1453 986 1723 1035 yesczmmten
1759 982 2106 1024 Buchdruckern

625 1062 820 1104 dms-elbst
862 1063 1058 1117 yefeyert
1109 1063 1293 1114 worden,
1335 1062 1525 1118 Leipzig
1564 1062 1687 1114 1740,
1719 1077 1825 1119 pag.
1858 1062 1927 1114 93,
1960 1066 2004 1105 et
2036 1063 2106 1104 in-

624 1146 796 1184 sertum
845 1143 1126 1186 editionibus
1171 1144 1290 1186 Ludi
1336 1144 1557 1187 Heliconii
1590 1158 1627 1186 a.
1662 1143 1772 1186 1826
1804 1148 1848 1186 et
1881 1144 1988 1186 1841
2021 1144 2107 1186 hoc

624 1224 777 1266 titulo:
811 1224 889 1266 »In
912 1225 1207 1280 praeconium
1231 1225 1511 1267 inventionis
1534 1225 1884 1282 typographiae.
1923 1225 2107 1281 Lipsiae

627 1304 780 1356 1740»,
812 1304 890 1359 qui
923 1305 1085 1347 titulus
1118 1305 1165 1346 in
1198 1305 1449 1362 archetypo
1483 1305 1714 1360 Lipsiensi
1747 1320 1838 1347 non
1861 1305 2106 1347 invenitur.

631 1431 807 1479 Ludus
872 1432 1187 1483 Heliconius,
1259 1432 1350 1481 Ed.
1397 1432 1438 1482 1.
1484 1432 1931 1496 Gryphiswaldiae
1974 1448 2015 1481 s.
2061 1449 2105 1481 a.

624 1521 694 1573 40.
760 1523 820 1571 10
857 1523 992 1572 folia.
1018 1553 1083 1558 —
1109 1524 1198 1573 Ed.
1226 1522 1272 1574 2.
1311 1523 1509 1573 Scarae
1547 1540 1588 1572 s,
1623 1539 1670 1574 a.
1731 1522 1801 1572 40.
1876 1524 1935 1571 16
1974 1525 2108 1573 folia.

742 1636 910 1679 Nostra
958 1638 1098 1680 editio
1139 1639 1195 1680 ad
1235 1637 1585 1679 similitudinem
1626 1637 1843 1679 editionis
1884 1637 2109 1695 Gryphis-

626 1719 873 1761 waldensis
914 1719 1141 1774 impressa
1179 1723 1245 1761 cst
1287 1719 1458 1761 additis
1499 1719 1566 1760 cis
1600 1733 1780 1774 quoque
1814 1719 2109 1769 carminibus,

626 1801 793 1856 quibus
835 1805 969 1843 aucta
1008 1805 1073 1842 est
1110 1800 1251 1842 editio
1295 1800 1548 1852 Scarensis,
1591 1800 1771 1842 scilicet
1811 1801 1916 1842 inde
1950 1815 1976 1842 a
2009 1815 2108 1842 car-

624 1882 743 1923 mine
780 1882 874 1923 »Ad
906 1881 1055 1923 virum
1089 1881 1423 1923 celsissimum»
1461 1884 1521 1936 (p.
1555 1881 1642 1936 67).
1707 1882 1921 1923 Carmina
1953 1886 2104 1923 autem

625 1963 671 2004 in
711 1963 992 2005 editionibus
1037 1977 1074 2005 a.
1110 1962 1219 2004 1826
1260 1969 1304 2004 ct
1345 1963 1451 2004 1841
1496 1963 1684 2018 insuper
1723 1963 1894 2014 addita,
1937 1963 2106 2018 quippe

628 2059 742 2100 quae
790 2045 835 2086 in
884 2044 1164 2086 editionibus
1212 2045 1267 2086 ab
1316 2044 1415 2099 ipso
1464 2044 1635 2086 curatis
1682 2059 1771 2086 non
1809 2044 2111 2100 reperiantur,

628 2130 810 2168 servato
877 2126 1096 2181 temporis
1160 2125 1317 2167 ordine
1376 2129 1479 2168 ante
1537 2125 1711 2167 Dudum
1770 2126 1942 2167 inserta
1993 2129 2110 2167 sunt·

741 2207 892 2249 Editio
927 2206 1378 2263 Gryphiswaldensis
1411 2206 1635 2261 impressa
1659 2210 1741 2256 est,
1765 2207 1870 2248 dum
1897 2206 2111 2248 Sweden-

627 2288 818 2344 borgius
857 2287 1257 2344 Gryphiswaldiae
1297 2290 1522 2338 versatur,
1556 2302 1595 2329 a.
1628 2287 1934 2338 1714--1715;
1967 2287 2109 2329 editio

630 2369 869 2411 Scarensis
910 2369 1008 2411 sinc
1051 2369 1189 2410 dubio
1224 2383 1261 2410 a.
1298 2368 1406 2409 1716
1444 2369 1518 2410 vel
1554 2369 1661 2410 1717
1693 2368 1878 2424 prodiit.
1913 2394 1966 2399 —-
2000 2368 2108 2410 Edi-

628 2451 777 2492 tiones
810 2466 848 2492 a.
885 2450 994 2492 1826
1026 2455 1069 2491 et
1105 2450 1211 2491 1841
1246 2463 1485 2505 perperam
1520 2450 1735 2491 dicuntur
1766 2464 1867 2491 esse
1900 2450 1939 2491 2.
1973 2455 2016 2491 et
2049 2450 2110 2500 3.;

629 2534 735 2572 sunt
769 2531 889 2572 enim
921 2531 959 2572 3.
993 2534 1037 2572 et
1068 2531 1123 2581 4.,
1156 2530 1315 2584 ignota
1347 2530 1405 2571 iis
1438 2531 1722 2585 temporibus
1757 2530 1955 2572 editione
1990 2531 2105 2587 Gry-

629 2613 971 2667 phiswaldensi.
