2299 3188
424 210 479 254 14

419 340 706 403 Frigidulos
744 339 947 402 tepidus
987 337 1205 401 sangvis
1244 337 1330 384 vix
1366 338 1604 400 permeat
1643 339 1808 400 artus3

558 432 812 494 Venaque
848 430 1148 493 langvidius
1184 428 1525 491 frigidiusque
1564 428 1696 478 salit.

420 525 500 571 Ad
538 526 754 587 puteum
790 523 1004 570 tandem
1040 520 1223 568 rotulae
1262 518 1560 566 dissolvitur
1598 520 1750 570 orbiS.

560 613 843 677 Sangvinis
883 613 919 661 ἃ
956 614 1145 676 puteus
1185 609 1363 658 diffluit
1402 612 1559 673 atque
1600 610 1758 661 calor.

423 705 630 769 Frigida
667 720 808 753 mors
848 705 1021 752 anima
1058 703 1230 751 lassos
1269 717 1429 765 qvum
1467 703 1684 765 separat
1721 705 1885 766 artus,

560 797 778 861 Spiritus
816 796 853 843 ἅ
891 795 1109 858 sangvis
1149 793 1365 858 diffugit,
1402 793 1589 841 umbra
1625 797 1819 845 manet.

1204 982 1237 1006 v.
1277 969 1337 1006 11.

424 1049 532 1098 Nos
569 1049 759 1097 fuimus
797 1049 983 1113 pulvis7
1024 1049 1215 1096 erimus
1253 1050 1371 1111 post
1406 1049 1594 1097 funera
1629 1048 1824 1112 pulvis3

564 1140 710 1201 Quod
749 1141 965 1188 dederat
998 1140 1183 1203 repetit-
1220 1155 1384 1202 seque
1420 1142 1648 1203 reposcit
1686 1140 1892 1190 humus,

427 1231 561 1291 Quot
597 1247 815 1279 numero
854 1231 1005 1279 tellus
1043 1231 1257 1294 peperit,
1294 1232 1368 1279 tot
1406 1232 1442 1280 ἅ
1480 1232 1564 1280 illa
1600 1233 1851 1281 recondit.

565 1323 650 1372 sio
686 1325 873 1371 eadem
910 1324 1095 1384 nutrix,
1131 1326 1300 1372 mater
1340 1324 1376 1372 dc
1415 1339 1548 1372 urna
1586 1327 1777 1372 manet.

427 1417 484 1464 In
524 1416 682 1465 coelos
723 1416 926 1463 animus
963 1416 1167 1463 revolat
1203 1417 1529 1480 patriamque
1567 1418 1767 1466 revisit:

562 1508 624 1555 Et
660 1508 842 1555 fruitur
873 1507 992 1556 felix
1028 1510 1418 1572 perpetuusque
1455 1508 1585 1558 Deo.

433 1599 650 1664 Spiritus
688 1600 807 1648 hine
848 1599 1029 1647 abiens
1069 1600 1163 1646 sibi
1199 1600 1409 1665 junctos
1449 1601 1588 1649 exuit
1627 1602 1793 1650 artus:

566 1691 735 1739 Induit
773 1693 825 1739 at
864 1691 1041 1752 coelos,
1079 1691 1407 1756 induiturque
1445 1692 1575 1742 Deo.

1210 1880 1242 1905 v.
1281 1868 1340 1906 12.

430 1945 560 1993 Hine
595 1945 822 2011 juvenis,
861 1947 1100 2010 quiequid
1137 1947 1242 1995 lato
1280 1946 1579 2010 resplendet
1614 1947 1666 1995 in
1705 1948 1845 2008 orbe,

566 2037 658 2085 Est
694 2038 855 2086 veluti
890 2039 1096 2101 mimus,
1133 2039 1307 2087 fumus
1346 2040 1383 2087 ἀ
1420 2039 1623 2101 umbra,
1660 2039 1797 2089 nihil.

435 2129 618 2177 Omnia
656 2131 980 2194 dispereunt:
1019 2146 1246 2194 gemmae
1283 2131 1598 2195 franguntur
1635 2132 1672 2180 ἀ
1711 2147 1918 2180 aurum:

566 2221 775 2270 Funera
810 2224 944 2286 post,
981 2224 1150 2286 pietas
1189 2223 1304 2272 sola
1339 2223 1585 2287 perennis
1625 2224 1734 2273 erit.

434 2313 560 2362 Haeo
599 2314 772 2362 doc-uit
807 2314 1009 2376 Pastor,
1049 2316 1130 2363 eui
1169 2315 1364 2364 Sancto
1405 2318 1484 2364 est
1521 2317 1711 2364 saneta
1748 2316 2005 2379 potestas

569 2405 694 2454 Haec
735 2408 938 2469 eadem‚
975 2408 1201 2472 juvenisa
1238 2410 1452 2471 pectore
1489 2408 1646 2456 volve
1684 2409 1788 2457 tue.

1205 2586 1238 2610 v.
1278 2572 1339 2610 13.

435 2647 550 2696 Non
589 2649 774 2696 modus
813 2650 849 2697 ἅ
887 2648 1002 2698 finis
1042 2650 1293 2714 vulgandi
1332 2652 1412 2698 est
1448 2651 1642 2713 scripta
1678 2666 1772 2714 per
1810 2650 2005 2699 orbem.

573 2740 667 2788 Vix
704 2741 864 2790 habet
902 2758 966 2791 en
1003 2758 1278 2791 numerum
1318 2743 1465 2791 dives
1505 2758 1668 2791 arena
1704 2759 1902 2808 parem.
