2299 3188
1834 149 1890 192 49

262 278 400 329 illico
438 278 664 344 suspicio
703 278 848 329 volat
886 295 951 329 en
988 295 1082 344 per
1115 279 1272 328 inane
1311 278 1607 342 columba,

399 373 562 437 Inqve
602 373 741 421 auris
781 373 894 422 alas
934 373 1164 422 concutit
1202 372 1308 421 alta
1341 387 1493 433 suas3

265 465 349 513 Sic
387 467 648 529 properat,
685 465 918 514 traheret
954 466 1108 514 niveo
1149 465 1299 529 qvasi
1339 478 1556 528 corpore
1597 478 1824 526 currum,

401 557 512 618 Qvo
550 557 765 621 pulchre
803 558 1009 607 vehitur
1047 557 1282 606 delitiosa
1319 556 1516 606 Venus,

264 649 411 697 Alitis
448 650 498 697 in
535 651 644 698 toto
682 650 917 714 fulgebat
955 664 1172 714 corpore
1212 649 1427 711 candor,

403 740 666 790 Candidus
703 742 814 806 ipse
850 742 1012 803 sinuS‚
1054 741 1277 790 candida
1313 754 1490 804 penna
1526 739 1638 789 fuit:

265 833 370 882 Dat
409 833 550 882 color
586 834 829 883 indicium
868 835 1004 898 qvod
1043 835 1108 882 sit
1143 834 1256 882 sine
1298 832 1525 898 conjuge
1561 831 1770 893 Turtnr,

405 925 533 986 Qvae
570 926 682 975 sine
722 926 950 992 conjugii
987 926 1170 974 vivere
1208 925 1349 973 sorte
1387 923 1582 987 neqvit.

270 1017 397 1066 Cum
434 1019 607 1083 magis
643 1019 974 1083 adproperat,
1012 1018 1165 1066 video
1205 1017 1324 1081 qvid
1360 1017 1411 1064 in
1450 1031 1539 1065 ore
1576 1015 1816 1080 gerebat,

405 1111 656 1160 Ramulus
693 1112 743 1158 in
782 1112 958 1159 nidum
997 1111 1154 1159 credo
1191 1109 1440 1158 ferendus
1479 1109 1613 1170 erat3

268 1202 444 1251 Foetus
482 1204 595 1251 erat
634 1204 842 1267 qvidam
884 1218 1039 1267 qvem
1080 1202 1273 1266 carpsit
1311 1201 1375 1249 ab
1416 1201 1603 1249 arbore
1640 1199 1882 1261 Palmae,

404 1296 460 1343 In
500 1311 601 1359 qvo
639 1298 844 1345 mature
884 1297 1004 1360 qvid
1041 1295 1312 1343 viridantis
1352 1295 1480 1342 erat.

268 1386 384 1435 Non
422 1387 602 1452 procul
638 1388 758 1436 hinc
796 1388 966 1436 Arbor
1002 1386 1196 1451 patulae
1233 1385 1488 1450 surgebat
1526 1384 1733 1445 Olivae,

405 1479 566 1546 Cujus
600 1480 773 1529 adhuc
811 1479 942 1528 foliis
978 1480 1123 1527 frons
1159 1478 1409 1527 inamicta
1446 1477 1554 1538 fuit,

270 1572 372 1621 Sed
413 1574 550 1622 dedit
585 1574 829 1622 indicium
867 1573 1003 1636 qvod
1040 1587 1152 1634 ver,
1190 1571 1328 1635 qvod
1363 1571 1571 1633 tempus
1608 1569 1822 1617 adesset

407 1665 517 1726 Qvo
556 1665 665 1714 fieri
702 1666 878 1713 viridis
915 1680 1098 1713 rursus
1138 1664 1286 1712 Oliva
1322 1662 1470 1711 solet.

270 1759 382 1806 Huc
421 1758 595 1806 sinuat
634 1773 847 1806 cursum
883 1758 1105 1806 veniens
1145 1771 1265 1805 cum
1301 1755 1484 1804 fronde
1524 1752 1794 1814 Columba,

406 1851 568 1915 Inqve
608 1850 747 1899 Oleae
784 1851 998 1899 tandem
1037 1850 1195 1913 stirpe
1233 1848 1429 1896 resedit
1462 1847 1620 1895 iners,

270 1944 345 1991 En
384 1944 572 2007 magiS‚
610 1943 711 1991 hac
751 1943 890 1991 dicta
927 1943 1068 1991 stetit
1106 1941 1237 1990 alter
1269 1941 1320 1989 in
1360 1939 1547 1988 arbore
1585 1938 1794 1999 Turtur‚

406 2036 572 2102 Hujus
609 2035 888 2084 Amatricis
927 2035 1083 2083 credo
1122 2033 1338 2082 Maritus
1377 2033 1511 2081 erat:

275 2129 369 2190 Qvi
407 2130 585 2178 varios
622 2130 796 2177 motus
836 2128 873 2176 ὀὶ
912 2127 1126 2176 ovantia
1162 2140 1432 2174 murmura
1467 2124 1606 2184 fecit7

408 2222 611 2270 Ludere
651 2237 770 2270 cum
810 2221 955 2269 socia
990 2234 1111 2268 mox
1147 2219 1402 2267 redeunte
1439 2231 1652 2280 parans,

272 2315 368 2361 Vix
403 2314 546 2362 fruor
582 2313 681 2361 hoc
718 2314 855 2375 visu,
892 2313 1014 2360 dum
1051 2311 1196 2360 venit
1233 2311 1297 2358 ab
1336 2309 1465 2358 urbe
1505 2308 1757 2367 Camena,

411 2406 539 2466 Qvae
575 2407 729 2454 modo
769 2406 832 2454 de
869 2404 1038 2454 Leidis
1077 2404 1343 2453 evocitata
1377 2402 1486 2452 fuit.

271 2499 657 2561 Admotamqvc
695 2498 790 2545 sibi
827 2498 902 2545 sic
942 2496 1077 2545 clam
1116 2495 1323 2544 dicebat
1359 2495 1409 2541 in
1449 2507 1632 2542 aurem

412 2591 512 2639 Cur
550 2591 680 2638 facis
718 2589 818 2651 hic,
855 2590 1029 2637 vates!
1068 2587 1402 2636 incomitatus
1439 2586 1550 2634 iter.
