2299 3188
489 201 544 245 74

769 396 834 450 In
878 398 1099 469 nuptias
1143 397 1443 469 Cujusdam
1487 396 1648 450 dictae
1693 398 1907 449 Aurora

1166 518 1291 554 cum
1335 500 1487 554 Sene.

630 609 736 657 Ilne
772 609 865 656 Tui
903 609 1097 673 pigeat,
1135 608 1272 657 nullo
1311 609 1381 656 sis
1419 609 1631 657 tactane
1668 607 1808 656 luctu

663 701 807 749 Velle
847 702 983 764 apud
1025 701 1351 764 antiqvum
1389 701 1543 748 nocte
1579 700 1758 765 jacere
1796 700 2011 749 virum.

485 793 536 841 Si
574 793 730 856 sapis,
770 792 1031 841 Aurora!
1070 792 1168 840 cito
1209 790 1435 854 qvolibet
1473 790 1667 854 aufuge
1705 805 1901 852 mane,

675 883 736 931 Et
771 883 1060 933 Phoebum
1097 883 1148 930 in
1188 881 1347 931 coelos
1388 881 1740 930 concomitare
1776 882 1978 930 Tuum.

675 1114 740 1167 In
785 1116 1011 1167 Aurorae
1050 1111 1348 1167 Cuiusdam
1395 1116 1430 1163 ἃ
1472 1109 1702 1163 Juvenis
1740 1111 1978 1182 nuptias.

557 1233 852 1281 Nnumeros
891 1233 1044 1281 ambo
1082 1230 1367 1279 numeretis
1405 1230 1460 1277 ut
1498 1230 1675 1278 ordine
1713 1229 1906 1292 Soles,

541 1363 548 1366 ,
591 1324 867 1372 Auroras
906 1324 1075 1372 nullas
1112 1322 1550 1385 Luciferosque
1588 1336 1788 1384 precor.

482 1416 690 1467 Scilicet
726 1417 781 1463 ut
817 1417 1025 1465 vestros
1065 1415 1302 1463 Aurora
1347 1415 1383 1462 ἃ,
1428 1412 1669 1461 Lucifer
1704 1413 1837 1461 inter

580 1509 841 1557 Transeat
881 1507 1150 1572 amplexus
1190 1506 1496 1570 delitiasque
1535 1504 1706 1554 velim.

1139 1691 1204 1744 In
1248 1690 1499 1744 Eosdem.

594 1814 786 1862 Ulchra
822 1812 932 1860 Tuo
970 1811 1179 1859 irradiet
1216 1826 1424 1873 semper
1461 1809 1698 1857 Matuta
1737 1809 1903 1870 eubiln

630 1905 880 1954 Fervidus
919 1905 956 1952 ἃ,
993 1903 1162 1951 medio
1202 1902 1439 1965 Sponsus
1477 1901 1526 1948 in
1564 1901 1705 1964 igne
1745 1901 1913 1949 cubet.

478 1999 593 2047 Non
632 1999 817 2046 timeas
852 1995 1155 2052 tenebras,
1195 2008 1403 2056 semper
1441 1992 1549 2039 Tibi
1591 1992 1914 2040 crastinus
1954 1996 2109 2056 atque

615 2091 670 2138 In
708 2089 895 2150 medio,
933 2088 1104 2148 miror,
1143 2085 1311 2133 noctis
1351 2084 1603 2148 apricus
1643 2083 1760 2132 eris.

481 2183 607 2231 Cum
644 2182 759 2229 Tua
795 2180 1029 2245 puniceis
1066 2177 1311 2225 thalamis
1348 2175 1700 2224 Pallantias
1739 2174 1856 2235 exit,

614 2274 874 2336 Tempora
909 2271 1033 2319 tunc
1073 2270 1241 2318 dicam
1276 2268 1443 2316 noctis
1486 2282 1685 2330 opacus
1725 2265 1859 2329 agis!

1222 2428 1416 2482 Aliter.

619 2554 724 2601 Iva
759 2553 911 2600 modo
951 2564 1146 2613 pernox
1186 2549 1513 2611 amplectitur
1550 2548 1685 2611 ipsa
1722 2546 1989 2597 maritum:

653 2642 992 2691 Anniculus
1029 2640 1227 2704 gremio
1265 2639 1343 2687 Tu
1381 2641 1474 2688 sed
1512 2641 1687 2688 inesse
1724 2638 1889 2701 potes.
