2299 3188
1073 640 1144 682 Ad

808 735 1005 790 Virum
1049 734 1428 790 Celsissimum

792 849 1046 899 Carmen
1084 849 1449 914 Epistolare.

283 1006 450 1156 EN
485 1012 596 1060 Tibi
636 1012 755 1075 qvid
793 1011 1053 1060 referam?
1090 1011 1316 1059 liceatne
1354 1010 1551 1059 referre
1587 1011 1802 1077 jocosa?

423 1103 625 1151 Ludere
663 1117 787 1150 nam
822 1102 1021 1151 Tecum
1057 1104 1271 1151 nostra
1311 1102 1574 1151 Camena
1613 1104 1766 1167 cupit.

282 1196 412 1257 Qvid
451 1195 612 1243 decus
650 1195 729 1242 est
765 1194 961 1257 pulcrae
1003 1196 1123 1259 qvid
1160 1195 1328 1243 forma
1366 1196 1595 1243 venusta
1631 1195 1858 1244 Puellae?

416 1288 479 1335 Ni
518 1302 725 1351 qvoqve
763 1287 828 1335 sit
865 1287 1014 1336 cultis
1049 1287 1285 1336 delitiosa
1321 1287 1469 1353 jocis,

280 1381 510 1444 Tempus
550 1381 717 1442 adest⁷
753 1379 1011 1428 Phoebus
1053 1396 1173 1429 cum
1209 1379 1402 1427 multus
1439 1379 1489 1426 in
1529 1394 1626 1427 axe
1664 1382 1914 1443 moratur,

421 1472 584 1521 Serus
619 1473 670 1519 in
710 1472 983 1520 occiduum
1024 1487 1144 1520 cum
1183 1472 1321 1520 cadit
1358 1471 1438 1519 ille
1476 1486 1641 1521 mare.

287 1565 414 1613 Cum
451 1565 658 1628 propior
694 1564 916 1628 geminis
954 1564 1136 1612 rutilus
1174 1564 1272 1612 fert
1307 1564 1584 1627 lampadas
1622 1563 1777 1625 ursis,

420 1655 530 1704 Nec
568 1656 748 1720 procul
788 1671 819 1704 a
855 1656 1027 1705 Borea
1065 1657 1279 1704 dissidet
1317 1655 1452 1704 altus
1490 1655 1666 1703 humo.

284 1749 432 1797 Tunc
472 1764 610 1811 mea,
648 1764 805 1812 qvam
841 1764 1112 1797 numerem
1139 1749 1381 1796 minimas
1407 1747 1799 1796 Heliconidas
1825 1748 1974 1809 inter,

423 1840 505 1887 Me
542 1855 703 1904 prope
741 1841 837 1888 sub
880 1842 1050 1904 myrto
1089 1856 1268 1888 musa
1304 1840 1500 1887 Borea
1536 1839 1642 1887 fuit.

286 1931 349 1979 Et
385 1931 508 1978 mihi
548 1932 644 1993 dic,
681 1932 869 1981 Vates!
911 1933 996 1994 ait,
1035 1933 1154 1996 qvid
1193 1932 1420 1996 agrestis
1458 1931 1509 1978 in
1546 1930 1751 1991 umbra⁷

425 2023 585 2087 Inque
624 2024 947 2085 suburbana,
984 2024 1142 2073 lente!
1182 2024 1444 2071 recumbis
1483 2022 1673 2070 humo?

291 2115 491 2175 Quidve
530 2117 666 2164 domi
704 2116 896 2177 latitas,
936 2117 1020 2180 qvi
1056 2116 1164 2182 jam
1202 2116 1511 2179 peregrinus
1552 2115 1615 2162 ab
1654 2114 1756 2162 oris

427 2207 605 2271 Nuper
643 2209 709 2256 ad
747 2208 862 2256 hoec
899 2208 1066 2255 Patris
1103 2208 1276 2256 factus
1315 2222 1372 2255 es
1413 2222 1543 2254 arva
1581 2205 1776 2254 redux?

293 2301 480 2364 Surge,
517 2302 724 2364 precor!
762 2316 1051 2364 rursusque
1088 2300 1258 2363 migra
1294 2299 1638 2363 properanter
1674 2298 1724 2344 in
1761 2296 1961 2357 urbem,

429 2391 556 2452 Quae
595 2391 763 2440 Duce
803 2407 919 2455 quae
956 2391 1193 2454 populis
1233 2391 1507 2438 ambitiosa
1543 2391 1724 2438 tumet.

294 2485 526 2548 Quaeque
558 2485 762 2532 Virilm
801 2484 1031 2544 Lauris⁷
1070 2498 1188 2546 quae
1219 2482 1322 2530 DIs
1340 2498 1456 2546 quoe
1477 2480 1980 2544 Principegaudet.

429 2576 630 2639 Totque
668 2575 755 2622 ubi
792 2577 914 2622 sunt
952 2575 1105 2623 aulae
1141 2576 1319 2638 totque
1357 2573 1593 2637 trophaea
1630 2573 1809 2621 nitent.

296 2673 424 2732 Quid
460 2671 611 2736 juvat
644 2669 744 2716 hoc
782 2668 933 2730 ruriS,
971 2668 1088 2731 quid
1127 2682 1224 2714 nos
1260 2667 1537 2732 jaceamus
1574 2664 1808 2712 inertes?

432 2765 468 2812 Ο
512 2780 667 2828 quam
702 2775 799 2807 nos
837 2760 1098 2823 nymphas
1136 2758 1260 2805 urbs
1297 2757 1549 2821 populosa
1589 2757 1760 2805 decet!
