2299 3188
439 213 495 258 70

383 344 510 393 Cum
548 346 671 411 legit
709 349 746 397 ἃ
783 364 987 411 narras,
1024 349 1066 397 si
1102 349 1233 398 forte
1270 350 1573 413 supervenit
1612 349 1758 412 alter,

519 437 571 486 Si
607 440 723 488 rota
756 440 1096 503 ferrisonans,
1134 456 1335 489 saxave
1372 441 1543 505 pulset
1581 457 1770 506 eqvus:

380 529 528 578 Tune
565 531 709 579 tenet
746 533 836 580 aut
870 534 1075 596 portam
1113 532 1384 597 Magnas,
1424 535 1514 581 aut
1548 533 1723 582 limina
1759 534 2065 598 PrinoePS,

517 622 703 686 Adque
739 623 881 672 Tuas
917 624 1099 673 Musas
1136 625 1223 673 Ille
1259 625 1344 674 vel
1380 625 1467 674 Ille
1505 624 1657 689 eupit.

385 713 454 776 si,
490 714 762 764 Parnassi!
803 717 962 780 sapis,
1000 718 1123 765 tuno
1162 719 1280 780 post
1318 717 1488 766 aulaea
1523 717 1717 782 jaeeto;

519 806 764 871 Dumque
801 809 976 871 vacet,
1012 808 1266 858 Phoebum
1303 825 1485 857 rursus
1525 809 1661 857 adito
1700 809 1884 857 Tuum.

385 895 437 943 Si
472 896 546 945 Te
583 898 676 948 Hie
714 899 943 949 Phoebus
982 902 1139 962 amet,
1178 900 1311 949 solet
1346 901 1398 948 Is
1435 915 1713 964 peramare
1752 900 2032 961 Camenas,

523 989 707 1053 Quam,
743 992 1014 1042 Parnassi!
1048 993 1171 1040 mihi
1207 1008 1405 1057 magna
1442 992 1678 1042 Minerva
1714 993 1861 1042 foret.

384 1083 532 1131 Hane
569 1082 692 1140 Tibi,
723 1081 873 1131 Celse
901 1084 1110 1134 Comes!
1148 1085 1402 1134 Boream
1430 1099 1547 1132 oum
1573 1084 1717 1133 mitto
1745 1084 2066 1133 Camenam

519 1173 663 1223 Nox*
702 1176 797 1237 651,
837 1191 955 1239 qvae
991 1178 1153 1226 vineit
1187 1192 1342 1241 poene
1379 1177 1545 1225 nitore
1585 1177 1710 1225 dies,

387 1266 553 1325 Qvam
593 1266 863 1315 celebrant
895 1268 1027 1316 ludis
1063 1269 1307 1334 juvenes,
1347 1268 1720 1332 celebrantque
1757 1270 2017 1330 venustae,

520 1358 687 1418 Quam
729 1358 906 1423 Dryas
945 1361 982 1409 &r
1017 1360 1201 1426 Naias,
1240 1377 1399 1425 qvam
1437 1376 1644 1425 qvoque
1681 1376 1805 1408 rura
1843 1360 2032 1410 colunt.

383 1449 596 1497 Ponitur
632 1451 682 1498 in
720 1452 891 1501 medio
929 1452 1161 1501 sublimis
1198 1453 1249 1500 in
1289 1467 1415 1501 aera
1450 1450 1717 1513 malus**‚

518 1542 556 1589 F,
598 1559 698 1606 qvo
739 1559 857 1593 eum
894 1545 1105 1593 Lauris
1143 1546 1335 1609 pendet
1373 1545 1543 1592 Oliva.
1580 1545 1748 1593 noviS.

386 1633 549 1694 Qvem
591 1636 785 1684 oireum
822 1637 1058 1686 Juvenes
1097 1637 1286 1686 saliunt
1323 1636 1611 1700 mollesque
1650 1636 1859 1698 Puellae,

521 1728 701 1776 Altera
739 1745 858 1777 eum
897 1730 1109 1778 alterius
1149 1730 1454 1778 consociata
1492 1744 1668 1778 manu,

388 1817 614 1868 Credere
651 1820 693 1867 si
730 1820 901 1883 liceat7
939 1837 1037 1870 sua
1074 1823 1198 1870 tune
1238 1821 1374 1885 capit
1413 1820 1586 1869 omina
1622 1819 1842 1883 Vulgus,

521 1911 668 1960 Tune
705 1913 893 1977 populo
933 1916 1103 1963 sortes
1140 1914 1335 1978 Vulgat
1370 1913 1552 1977 Apollo
1591 1927 1741 1961 suas:

389 2003 446 2050 Si
485 2004 727 2066 saltent,
753 2005 1001 2067 referuntv7
1026 2005 1420 2069 plectantque
1446 2004 1559 2053 hae
1585 2005 1764 2052 noete
1793 2003 2069 2065 choreas,

521 2096 663 2145 Inde
700 2112 963 2161 sequens
1002 2113 1196 2146 annus
1235 2098 1551 2147 delitiosus
1590 2096 1713 2145 erit.

388 2187 517 2236 Hine
557 2203 655 2252 ego
694 2205 834 2238 nuno
871 2190 1124 2252 modulor,
1165 2191 1529 2253 nocturnaque
1568 2188 1801 2237 earmina
1838 2187 2033 2249 pando:

527 2280 707 2328 Omen
745 2282 919 2345 inest,
958 2298 1128 2330 annus
1169 2282 1434 2331 delitiosus
1472 2281 1586 2330 erit:

392 2371 571 2419 Omen
608 2372 783 2434 inest,
820 2373 1054 2421 recinent
1090 2374 1199 2421 Tibi
1238 2373 1472 2422 carmina
1509 2371 1644 2420 mille
1683 2369 1946 2430 Camenae,

528 2462 701 2527 Seque
738 2464 846 2511 Tibi
883 2465 1040 2514 faciet
1063 2464 1076 2491 ¹
1116 2465 1285 2514 Musa
1322 2466 1516 2514 Borea
1553 2477 1779 2512 sacram.

525 2578 543 2597 ἢ
568 2576 764 2620 Ξῐῐὶίῇοηῑατθ
790 2581 912 2614 natten.
1332 2580 1370 2600 ἢ
1395 2578 1528 2622 manna
1554 2576 1698 2622 mntring
1725 2575 1938 2622 majitnugen.

491 2694 499 2712 ¹
525 2693 601 2728 Ed.
629 2693 757 2728 Scars
782 2695 914 2728 facies.
