2299 3188
1853 235 1907 278 65

734 437 894 491 Delia
934 437 992 490 in
1034 436 1160 491 nive
1204 435 1505 489 ambulans.

389 558 481 605 Ola
520 559 575 605 ut
612 572 704 622 per
741 556 911 606 ssavos
949 557 1176 621 spatiata
1215 557 1296 605 est
1331 554 1483 603 Delia
1523 569 1757 618 campoe,

423 649 646 698 Alatus
685 649 854 697 subito
894 650 1120 713 desuper
1157 648 1350 696 imber
1388 646 1560 695 adest:

278 742 488 790 Adstitit
527 739 554 789 e
594 756 802 789 summa
840 741 1087 805 delapsus
1124 740 1361 803 Jupiter
1400 751 1541 798 arce,

416 834 483 882 Ut
518 832 694 882 DEUS
734 834 982 898 argenti
1018 832 1220 881 luderet
1256 830 1446 879 imbre
1483 827 1676 876 Deam:

283 925 397 986 Qva
435 926 653 989 patuere
693 925 855 988 Sinus,
893 940 951 973 se
989 925 1095 973 nix
1131 923 1247 971 heic
1284 921 1462 969 indidit
1500 920 1691 982 audax,

418 1017 486 1065 Se
524 1016 668 1064 velut
704 1017 753 1064 iu
791 1017 922 1065 nidis
959 1016 1121 1065 multa
1157 1014 1392 1064 recondit
1431 1013 1566 1062 avis:

280 1107 469 1156 Moesta
506 1110 599 1156 sed
637 1109 687 1156 in
724 1109 1107 1173 lachrymam
1146 1108 1316 1156 semet
1348 1106 1705 1170 guttamqve
1738 1102 1968 1164 resolvit,

417 1201 568 1248 Victa
606 1202 741 1264 qvod
779 1201 811 1249 a
848 1202 1048 1266 gremio
1089 1200 1387 1249 candidiore
1424 1198 1573 1259 foret,

281 1290 623 1356 Membraqve
666 1293 781 1341 dein
822 1292 964 1341 fluxit
1000 1293 1158 1341 tristis
1196 1307 1289 1356 per
1324 1291 1516 1351 lactea‚
1554 1289 1764 1336 demum

419 1384 474 1432 Iu
512 1386 703 1434 tunicae
740 1386 893 1434 limbo
932 1385 1240 1450 gemmula
1279 1384 1422 1431 facta
1461 1382 1617 1431 Stetit.

612 1800 677 1853 In
721 1801 971 1854 Puellam
1013 1800 1219 1853 dictam
1262 1806 1639 1856 VICTORIA.

402 1918 480 1966 Ux
516 1918 625 1966 Tibi
663 1920 851 1968 natalis
891 1920 1107 1967 dederat
1144 1918 1422 1966 Victoria
1458 1932 1669 1977 nomen,

436 2009 712 2059 Multorum
753 2026 809 2059 es
848 2012 970 2058 voto
1008 2009 1278 2058 nobilitata
1314 2009 1543 2057 Ducum:

279 2102 467 2150 Arma
504 2102 623 2150 licet
662 2101 867 2166 capi-⁶18¹
907 2117 1169 2165 nusqvam
1207 2101 1515 2161 Victricia‚
1552 2099 1782 2147 Victrix

415 2194 481 2241 At
521 2195 658 2257 qvod
695 2194 782 2250 sie,
824 2194 976 2255 dono7
1013 2192 1276 2256 Nympha!
1316 2192 1551 2240 Parentis
1590 2191 1772 2239 habes.

278 2284 465 2333 Forma
501 2285 615 2333 Tua
654 2287 734 2334 est
771 2285 1015 2346 Victrix,
1052 2285 1170 2332 hinc
1208 2285 1370 2332 multa
1407 2283 1641 2346 trophaea
1681 2282 1900 2341 locabis;

431 2377 534 2426 Sed
570 2378 678 2426 Scio
716 2377 1033 2426 succumbes
1072 2378 1208 2440 qvod
1247 2392 1454 2440 qvoqve
1493 2376 1668 2423 Victa
1706 2375 1884 2424 semel.

399 2505 408 2523 ¹
439 2504 501 2538 Sic
530 2503 583 2538 ed.
612 2502 742 2542 Scan:
770 2502 823 2538 ed.
855 2501 1093 2547 Gryphisw..·
1120 2507 1260 2547 capies.
