2299 3188
454 180 510 223 44

400 310 656 359 Subviridi
694 311 852 360 Seani
890 311 1066 360 velent
1103 328 1202 360 sua
1239 314 1475 376 tempora
1512 312 1711 375 fronde,

532 404 587 451 In
625 404 784 452 variis
822 405 1058 452 statuant
1097 404 1239 453 celsa
1277 405 1512 468 trophaea
1551 405 1705 455 loeis:

398 495 532 544 Nam
570 511 752 544 rursus
790 496 1016 545 Boreos
1052 498 1300 562 Juverunt
1336 498 1445 545 fata
1480 497 1779 561 DEUque.

534 587 925 652 Succubuitqve
962 589 1124 651 ferox⁷
1161 588 1326 637 Marte
1364 590 1595 650 faventeff
1632 588 1838 638 Danus:

400 679 624 729 Cimbria
660 682 945 729 transmisit
984 696 1116 745 qvas
1152 681 1401 730 insidiosa
1441 683 1704 743 catervas!

535 772 644 821 Has
677 773 845 821 subito
885 773 1071 821 stravit
1107 773 1255 821 miles
1295 774 1359 820 ad
1398 788 1545 821 arma
1582 788 1769 821 novus.

400 864 475 913 Sit
510 865 630 914 lieet
666 865 785 914 Eois
824 865 1123 914 CAROLUS
1163 865 1404 913 diversus
1441 866 1490 913 in
1531 866 1650 927 orisa

533 958 779 1006 Attamen
816 959 1032 1006 infestos
1070 958 1250 1006 terruit
1286 958 1405 1006 inde
1443 956 1648 1007 Danos:

398 1049 565 1113 Ipsius
603 1052 658 1098 ut
694 1065 870 1099 rumor
910 1051 1103 1098 oireum
1141 1051 1233 1097 fuit
1271 1051 1483 1114 agmina
1521 1065 1757 1113 sparsus,

534 1142 789 1191 Protenus
825 1143 1080 1191 innumeri
1119 1143 1289 1190 militis
1327 1143 1491 1190 instar
1530 1143 1662 1191 erat:

398 1235 644 1299 Auspicio
686 1235 1002 1297 CAROLUS,
1041 1237 1197 1284 ductu
1238 1235 1666 1284 STENBooKms
1706 1234 1909 1283 hostem

537 1327 774 1391 Dispulit‚
811 1327 903 1376 Hie
943 1329 1141 1389 dextra,
1179 1328 1401 1376 nominis
1440 1327 1526 1376 Ille
1564 1328 1722 1376 metU.

400 1420 460 1468 Et-
495 1420 590 1482 Tu,
628 1419 992 1468 STENBOGKI!
1032 1419 1306 1469 CAROLIS
1345 1421 1583 1483 spectate
1623 1418 1842 1467 duobus,

538 1512 707 1561 Gloria
742 1512 819 1560 Tu
856 1512 1043 1562 Patriae
1084 1528 1140 1561 es
1179 1513 1414 1561 delitiosa
1449 1512 1602 1572 Tuae:

402 1605 561 1654 Sume
597 1605 982 1669 Triumphalem
1023 1606 1217 1654 eiroum
1250 1605 1363 1653 Tua
1401 1607 1638 1668 tempora
1674 1603 1896 1663 laurum,

535 1696 587 1746 Si
624 1712 718 1761 par
755 1697 819 1745 sit
855 1698 1051 1746 meritis
1087 1697 1172 1744 illa
1211 1712 1408 1745 corona
1443 1696 1588 1745 Tuis:

400 1788 609 1838 Soande
653 1805 822 1838 novos
868 1804 1070 1851 currus,
1109 1790 1208 1837 due
1246 1789 1423 1838 Vietor
1460 1787 1708 1852 Magne!
1748 1785 2080 1849 triumphum‚

531 1881 857 1946 Spargentur
894 1882 1100 1945 palmae,
1140 1882 1374 1930 carmina
1409 1880 1561 1928 Musa
1601 1879 1771 1928 canet.

399 1973 450 2022 Si
487 1974 578 2032 Te,
618 1973 791 2023 Celse
831 1973 1068 2023 Comes!
1108 1974 1265 2022 talem
1304 1973 1442 2021 Gens
1479 1973 1652 2036 prisea
1689 1971 1907 2031 tulisset,

534 2065 884 2130 Conspicuum
924 2065 1062 2114 Coelo
1099 2065 1173 2114 Te
1210 2066 1452 2129 posuisse
1489 2079 1628 2113 reor:

395 2158 462 2206 At
498 2158 667 2206 radiat
698 2158 913 2205 nitidum
951 2157 1175 2206 stellanti
1213 2157 1356 2206 sidus
1391 2157 1441 2204 in
1481 2171 1596 2218 axe,

532 2250 679 2311 Qvod
715 2249 846 2312 Tua,
885 2248 1247 2298 STENBOCKI!
1284 2250 1496 2298 nomina
1536 2248 1677 2297 celsa
1713 2247 1896 2298 refert:

395 2342 650 2391 Nomina
688 2357 806 2405 qvae
842 2340 1032 2389 tulerat
1067 2342 1210 2389 sidus
1247 2357 1339 2405 per
1376 2339 1575 2390 saecula
1613 2341 1808 2401 servet,

529 2433 590 2480 Et
627 2433 844 2498 junctim
882 2434 1078 2494 servet,
1115 2433 1344 2494 nomina,
1381 2432 1624 2495 Magne!
1662 2431 1801 2491 Tua:

392 2527 447 2573 In
485 2525 559 2574 Te
595 2540 747 2573 mens
786 2525 1015 2588 cognata
1051 2524 1185 2587 polo,
1223 2525 1494 2587 virtusqve
1532 2523 1861 2571 Parentum

527 2616 744 2675 Eminet,
785 2617 864 2665 est
900 2616 1082 2664 Pater
1118 2616 1169 2663 in
1206 2615 1298 2677 Te,
1336 2617 1416 2663 est
1452 2615 1719 2664 redivivus
1757 2614 1942 2662 Avuse
