2299 3188
1850 151 1898 194 11

1063 298 1096 323 ν.
1132 285 1169 323 4.

277 366 444 427 Qvum
483 367 663 430 procul
702 366 946 414 extremis
984 366 1118 413 vivis
1158 366 1392 413 semotus
1432 365 1495 412 ab
1537 365 1705 426 annis,

411 458 467 505 In
505 458 738 519 memori,
774 458 1002 523 juvenis,
1040 458 1251 521 peotore
1290 456 1496 504 Numen
1535 456 1690 504 habe.

274 549 472 613 Excipit
510 564 575 596 en
614 550 746 597 oetas
784 549 924 597 mala
964 549 1284 613 difficilisque
1321 549 1620 615 juventam:

411 641 473 688 Et
511 641 759 704 querulus
801 641 965 691 dioes:
1007 641 1242 705 displicet
1280 642 1365 689 illa
1402 640 1539 689 mihi.

1066 801 1100 825 v.
1136 789 1172 826 5.

277 879 486 928 Scilicet
525 878 802 946 aussugiunt
838 878 1032 940 lumen,
1071 878 1164 939 sol,
1204 879 1395 940 sidera,
1432 878 1573 927 luna.

415 970 615 1018 Gaudia
654 970 930 1035 diffugiunt
968 986 1187 1034 corpore
1227 971 1402 1034 prisea
1441 985 1554 1019 suo.

277 1063 697 1127 Dispereuntque
735 1063 902 1126 vigor,
941 1063 1209 1126 geminum
1250 1078 1368 1110 cum
1405 1062 1597 1110 lumine
1636 1062 1802 1125 sidus3

412 1155 588 1204 Laetus
626 1155 677 1201 in
717 1169 806 1202 ore
844 1154 1018 1215 rubor‚
1056 1155 1402 1218 sidereusque
1443 1154 1617 1203 decor.

275 1245 466 1294 Nubila
503 1246 799 1293 succedunt
837 1247 873 1294 ἃ
911 1245 1080 1294 hiems
1118 1248 1153 1295 ὀὶ
1193 1247 1400 1294 nimbus
1440 1246 1477 1294 ὥ
1513 1245 1697 1294 imber.

413 1336 719 1385 Succedunt
756 1339 937 1400 morbi,
974 1339 1140 1387 tristia
1176 1339 1303 1399 fata,
1340 1337 1485 1401 gelu:

277 1429 493 1477 Nubilus
532 1430 569 1477 ἃ
606 1446 836 1479 moerens
876 1432 1099 1493 animus,
1136 1430 1364 1493 lentique
1404 1430 1623 1478 dolores.

413 1520 793 1586 Praesentitque
832 1523 1058 1572 hiemem
1099 1537 1317 1586 corpore
1357 1536 1500 1585 saepe
1539 1537 1719 1571 senex,

1073 1683 1106 1708 v.
1142 1670 1179 1707 6.

278 1758 340 1806 Et
379 1759 606 1823 quatitur
643 1760 886 1823 geminus
924 1760 1144 1808 tremulo
1186 1774 1305 1806 eum
1345 1773 1562 1822 corpore
1604 1760 1805 1820 eustos3

414 1851 788 1914 Invalidusque
826 1851 1004 1914 nequit
1042 1866 1233 1898 munus
1273 1851 1414 1898 obire
1453 1866 1624 1900 suum.

281 1942 515 2006 Suntque
554 1958 745 1990 manus
783 1943 982 2006 rigidae⁷
1020 1943 1189 2006 plenae
1227 1942 1389 2005 rugis„
1427 1943 1813 2006 trepidantque3

416 2033 478 2080 Et
517 2037 696 2082 eustos
734 2035 923 2083 baculo
961 2035 1136 2082 nititur
1172 2035 1284 2098 ipse
1323 2036 1572 2083 tremens.

279 2126 483 2174 Robore
520 2127 789 2190 praevalidi
829 2143 991 2176 curvo
1031 2127 1127 2175 sub
1167 2127 1398 2190 pondere
1437 2128 1645 2175 nutant:

417 2217 815 2282 Suooiduusque
852 2219 1033 2283 poples
1071 2220 1326 2282 tardaqve
1367 2233 1522 2267 orura
1557 2217 1751 2266 labant.

279 2309 380 2358 Pes
417 2311 571 2359 modo
609 2310 928 2374 praevalidus
964 2325 1104 2358 nuno
1145 2325 1209 2358 en
1248 2310 1476 2374 vestigia
1514 2310 1700 2373 qvaerit

415 2402 688 2465 Lubricus,
727 2403 764 2451 ἃ
803 2402 1013 2450 dubium
1050 2401 1253 2465 fertque
1292 2402 1554 2466 refertque
1592 2401 1832 2465 gradum.

283 2494 377 2554 Qui
416 2493 659 2543 Cererem
696 2495 895 2543 minuet
930 2492 1133 2541 molitor
1170 2494 1275 2541 stat
1311 2508 1463 2542 rarus
1499 2494 1765 2556 inersque:

418 2586 516 2634 Vix
554 2587 683 2634 dens
722 2586 966 2635 convellit
1002 2583 1225 2649 parvula
1261 2584 1429 2633 frusta
1464 2585 1670 2634 dolens:

284 2679 380 2727 Vel
416 2678 623 2742 penitus
660 2678 848 2739 nullus,
886 2677 971 2725 vel
1010 2677 1115 2724 stat
1151 2676 1263 2724 sine
1300 2676 1421 2741 lege
1459 2677 1688 2737 relictus,

418 2770 513 2817 Vel
551 2769 803 2817 tremulus
842 2784 1065 2833 quoque,
1103 2768 1189 2816 vel
1223 2768 1405 2817 fuscus
1442 2769 1493 2815 in
1533 2783 1622 2816 ore
1660 2781 1862 2815 senum.
