2299 3188
1827 224 1881 264 69

253 358 454 422 Dioque
489 360 633 406 tuum
673 372 883 419 nomen,
919 357 1246 419 frontemque
1287 355 1545 417 fidemque
1584 353 1781 413 revela„

391 450 450 498 Et
488 449 711 500 Citharae
752 463 966 498 carmen
1005 448 1090 497 vel
1129 462 1337 511 qvoque
1375 447 1539 512 junge
1575 446 1720 509 lyrae.

252 543 362 593 Nee
399 544 592 605 metue,
630 544 710 590 est
749 541 933 590 comis
970 539 1328 604 Nymphisque
1367 538 1603 600 affabilis,
1642 539 1780 587 esset

390 635 516 684 Clio!
556 634 698 683 velut
736 634 926 698 proleS‚
963 633 1385 697 Melpomeneve!
1422 630 1569 679 Tua?

253 727 342 776 Est-
379 728 478 775 Vir
517 728 688 776 adhue
725 726 992 793 juvenis3
1030 726 1186 774 liceat
1224 725 1266 772 si
1306 724 1522 772 eredere
1559 723 1731 774 famae.

390 820 587 884 Quippe
624 819 744 868 mihi
783 819 1013 868 nondum
1050 819 1205 866 notus
1245 817 1308 865 ab
1350 831 1439 865 ore
1476 815 1584 865 fuit.

252 912 439 961 Frons
478 913 558 961 est
596 911 649 959 Ei
685 911 903 973 faoiliS‚
940 911 1221 974 ridensque
1260 909 1554 973 patensque
1594 906 1859 957 Camenis:

390 1004 475 1054 Sie
514 1004 681 1069 quasi,
718 1003 986 1053 Maeoenas
1025 1002 1279 1052 delitiose!
1317 1001 1446 1050 Tua.

252 1099 569 1162 Labraque
607 1097 851 1161 purpurei
886 1097 1009 1145 sunt
1042 1095 1197 1159 plena
1236 1094 1459 1155 decoriS‚
1496 1094 1551 1141 ut
1592 1092 1710 1141 olim

387 1190 654 1238 Vaticinor
689 1188 883 1238 Svadae
922 1187 1318 1251 duloiloquentis
1358 1187 1523 1235 erant.

252 1283 486 1332 Flamma
522 1296 800 1346 novusque
842 1295 1119 1344 novusque
1157 1280 1320 1344 Vigor
1356 1278 1647 1327 translucet
1692 1276 1940 1339 ocellos,

388 1375 660 1439 Temporis
697 1374 974 1438 ambiguas
1014 1374 1162 1437 queis
1200 1373 1343 1420 videt
1379 1371 1467 1419 Ille
1504 1371 1668 1419 vices,

251 1470 400 1518 Hune
438 1468 589 1516 simul
626 1469 682 1515 ut
719 1468 950 1531 spectem,
989 1466 1084 1515 erit
1115 1466 1165 1514 Is
1202 1464 1314 1512 Tibi
1351 1463 1577 1529 Magnus
1611 1461 1817 1527 Apollo:

387 1561 629 1624 illiusque
669 1559 770 1607 oris
807 1559 987 1608 forsan
1024 1557 1206 1622 Apollo
1243 1557 1350 1605 fuit.

253 1655 317 1703 Ut
354 1654 498 1704 venit
537 1653 828 1717 adpropera
866 1666 1195 1716 parvumque
1235 1650 1443 1699 dedisse
1481 1647 1723 1710 libellum,

386 1746 608 1795 Nomine
647 1746 730 1809 qui
766 1744 961 1793 Borea
1001 1745 1080 1793 est
1118 1741 1291 1792 diota¹
1334 1742 1597 1791 Camena
1632 1740 1783 1789 refer.

254 1838 313 1886 Et
352 1853 545 1887 nomen
583 1837 786 1886 fateare
823 1851 1018 1898 meum,
1054 1836 1257 1884 fateare
1292 1834 1553 1894 Parentis;

389 1930 550 1994 Eique
586 1930 727 1978 Tuos
764 1943 950 1977 narres
989 1928 1223 1977 officiosa
1259 1927 1425 1993 jocos,

254 2023 377 2071 Sive
415 2022 643 2070 Leonta
680 2020 829 2082 veliS‚
862 2020 1148 2069 formosam
1187 2019 1301 2068 sive
1340 2017 1616 2077 Coronin‚

390 2113 513 2163 Sive
549 2113 746 2162 referre
782 2112 941 2171 Tuos,
981 2112 1174 2161 duleis
1213 2111 1386 2161 Olivi!
1424 2110 1587 2159 faces,

255 2208 386 2256 Sunt
423 2207 576 2255 modo
614 2205 870 2263 fabellae,
907 2204 993 2253 vel
1029 2219 1115 2253 res
1153 2204 1266 2252 sine
1303 2203 1553 2267 pondere,
1593 2200 1777 2265 qvales

391 2298 625 2359 Garrula,
665 2313 784 2346 eum
821 2298 1001 2346 veniat
1037 2311 1283 2361 vespera,
1320 2296 1501 2343 narrat
1539 2309 1689 2342 anus.

256 2393 348 2440 Ast
385 2392 501 2439 ideo
539 2390 676 2439 volui
716 2390 817 2438 sint
853 2391 909 2438 ut
946 2390 1059 2438 sine
1096 2390 1380 2453 pondere,
1417 2387 1606 2436 mentis

389 2485 456 2533 Ut
492 2484 627 2532 bene
667 2482 945 2531 discutiant
981 2483 1215 2546 pondera
1252 2481 1415 2529 multa
1451 2480 1593 2529 Tuae.

254 2577 313 2625 Et
350 2592 418 2625 ne
456 2577 636 2624 dextra
672 2576 848 2636 vacet„
885 2589 1163 2638 sparsum
1203 2588 1409 2637 qvoque
1435 2573 1641 2637 porrige
1670 2587 1933 2629 carmem

391 2668 581 2731 Tingat
619 2669 671 2716 at
707 2668 944 2731 exiguus,
982 2667 1103 2714 dum
1139 2666 1279 2730 legit,
1320 2681 1412 2714 ora
1448 2665 1620 2714 rubor.

372 2806 382 2826 ¹
409 2804 484 2841 Ed.
515 2802 756 2849 Gryphisw.:
784 2804 893 2838 dista.
