<?xml version="1.0" encoding="UTF-8"?>
<!DOCTYPE html PUBLIC "-//W3C//DTD XHTML 1.0 Transitional//EN"
    "http://www.w3.org/TR/xhtml1/DTD/xhtml1-transitional.dtd">
<html xmlns="http://www.w3.org/1999/xhtml" xml:lang="en" lang="en">
 <head>
  <title>
</title>
<meta http-equiv="Content-Type" content="text/html;charset=utf-8" />
  <meta name='ocr-system' content='tesseract 3.04.00' />
  <meta name='ocr-capabilities' content='ocr_page ocr_carea ocr_par ocr_line ocrx_word'/>
</head>
<body>
  <div class='ocr_page' id='page_1' title='image "./operapoetica00sweduoft_0062.png"; bbox 0 0 2299 3188; ppageno 0'>
   <div class='ocr_carea' id='block_1_1' title="bbox 451 190 507 232">
    <p class='ocr_par' dir='ltr' id='par_1_1' title="bbox 451 190 507 232">
     <span class='ocr_line' id='line_1_1' title="bbox 451 190 507 232; baseline 0 0"><span class='ocrx_word' id='word_1_1' title='bbox 451 190 507 232; x_wconf 81' lang='lat'>48</span> 
     </span>
    </p>
   </div>
   <div class='ocr_carea' id='block_1_2' title="bbox 396 315 2018 2684">
    <p class='ocr_par' dir='ltr' id='par_1_2' title="bbox 396 315 1997 658">
     <span class='ocr_line' id='line_1_2' title="bbox 396 315 1941 383; baseline -0.002 -16"><span class='ocrx_word' id='word_1_2' title='bbox 396 319 739 383; x_wconf 84' lang='lat' dir='ltr'>Lymphaqve</span> <span class='ocrx_word' id='word_1_3' title='bbox 776 333 861 366; x_wconf 90' lang='lat' dir='ltr'>me</span> <span class='ocrx_word' id='word_1_4' title='bbox 900 333 1084 367; x_wconf 86' lang='lat' dir='ltr'>secum</span> <span class='ocrx_word' id='word_1_5' title='bbox 1121 317 1437 382; x_wconf 87' lang='lat' dir='ltr'>spatiantem</span> <span class='ocrx_word' id='word_1_6' title='bbox 1476 315 1617 363; x_wconf 88' lang='lat' dir='ltr'>ducit</span> <span class='ocrx_word' id='word_1_7' title='bbox 1652 315 1703 363; x_wconf 89' lang='lat' dir='ltr'>in</span> <span class='ocrx_word' id='word_1_8' title='bbox 1743 316 1941 378; x_wconf 78' lang='lat' dir='ltr'>orbem,</span> 
     </span>
     <span class='ocr_line' id='line_1_3' title="bbox 534 406 1829 474; baseline -0.002 -15"><span class='ocrx_word' id='word_1_9' title='bbox 534 410 671 459; x_wconf 89' lang='lat' dir='ltr'>Nam</span> <span class='ocrx_word' id='word_1_10' title='bbox 710 425 889 459; x_wconf 90' lang='lat' dir='ltr'>comes</span> <span class='ocrx_word' id='word_1_11' title='bbox 926 411 976 458; x_wconf 91' lang='lat' dir='ltr'>in</span> <span class='ocrx_word' id='word_1_12' title='bbox 1014 410 1126 474; x_wconf 88' lang='lat' dir='ltr'>ripa</span> <span class='ocrx_word' id='word_1_13' title='bbox 1165 424 1266 473; x_wconf 89' lang='lat' dir='ltr'>qvo</span> <span class='ocrx_word' id='word_1_14' title='bbox 1305 408 1448 456; x_wconf 85' lang='lat' dir='ltr'>meat</span> <span class='ocrx_word' id='word_1_15' title='bbox 1483 406 1574 456; x_wconf 88' lang='lat' dir='ltr'>Illa</span> <span class='ocrx_word' id='word_1_16' title='bbox 1613 422 1829 471; x_wconf 83' lang='lat' dir='ltr'>seqvor:</span> 
     </span>
     <span class='ocr_line' id='line_1_4' title="bbox 396 498 1997 568; baseline -0.003 -17"><span class='ocrx_word' id='word_1_17' title='bbox 396 503 576 551; x_wconf 76' lang='lat' dir='ltr'>Flectit</span> <span class='ocrx_word' id='word_1_18' title='bbox 613 503 650 551; x_wconf 66' lang='grc' dir='ltr'><strong><em>ἅ</em></strong></span> <span class='ocrx_word' id='word_1_19' title='bbox 686 503 736 550; x_wconf 92' lang='lat' dir='ltr'>in</span> <span class='ocrx_word' id='word_1_20' title='bbox 774 502 997 551; x_wconf 88' lang='lat' dir='ltr'>Boream</span> <span class='ocrx_word' id='word_1_21' title='bbox 1033 502 1142 568; x_wconf 84' lang='lat' dir='ltr'>jam</span> <span class='ocrx_word' id='word_1_22' title='bbox 1178 516 1280 562; x_wconf 78' lang='lat' dir='ltr'>me,</span> <span class='ocrx_word' id='word_1_23' title='bbox 1315 500 1423 566; x_wconf 78' lang='lat' dir='ltr'>J‘am</span> <span class='ocrx_word' id='word_1_24' title='bbox 1460 498 1619 547; x_wconf 83' lang='lat' dir='ltr'>flectit</span> <span class='ocrx_word' id='word_1_25' title='bbox 1654 499 1705 546; x_wconf 91' lang='lat' dir='ltr'>in</span> <span class='ocrx_word' id='word_1_26' title='bbox 1745 500 1997 562; x_wconf 71' lang='lat' dir='ltr'>austrum,</span> 
     </span>
     <span class='ocr_line' id='line_1_5' title="bbox 536 591 1664 658; baseline -0.004 -16"><span class='ocrx_word' id='word_1_27' title='bbox 536 594 866 658; x_wconf 85' lang='lat' dir='ltr'>Circuituqve</span> <span class='ocrx_word' id='word_1_28' title='bbox 905 608 1079 642; x_wconf 85' lang='lat' dir='ltr'>meam</span> <span class='ocrx_word' id='word_1_29' title='bbox 1116 593 1242 640; x_wconf 91' lang='lat' dir='ltr'>ludit</span> <span class='ocrx_word' id='word_1_30' title='bbox 1278 592 1469 654; x_wconf 86' lang='lat' dir='ltr'>ubiqve</span> <span class='ocrx_word' id='word_1_31' title='bbox 1506 591 1664 639; x_wconf 85' lang='lat' dir='ltr'>viam.</span> 
     </span>
    </p>

    <p class='ocr_par' dir='ltr' id='par_1_3' title="bbox 400 683 2018 841">
     <span class='ocr_line' id='line_1_6' title="bbox 400 683 2018 750; baseline -0.001 -16"><span class='ocrx_word' id='word_1_32' title='bbox 400 687 490 734; x_wconf 86' lang='lat' dir='ltr'>Est</span> <span class='ocrx_word' id='word_1_33' title='bbox 529 687 678 750; x_wconf 80' lang='lat' dir='ltr'>qvasi</span> <span class='ocrx_word' id='word_1_34' title='bbox 717 686 836 750; x_wconf 86' lang='lat' dir='ltr'>qvid</span> <span class='ocrx_word' id='word_1_35' title='bbox 873 685 1079 734; x_wconf 90' lang='lat' dir='ltr'>Numen</span> <span class='ocrx_word' id='word_1_36' title='bbox 1118 685 1254 748; x_wconf 87' lang='lat' dir='ltr'>qvod</span> <span class='ocrx_word' id='word_1_37' title='bbox 1291 684 1399 749; x_wconf 84' lang='lat' dir='ltr'>jam</span> <span class='ocrx_word' id='word_1_38' title='bbox 1438 683 1560 730; x_wconf 91' lang='lat' dir='ltr'>dum</span> <span class='ocrx_word' id='word_1_39' title='bbox 1596 683 1725 730; x_wconf 86' lang='lat' dir='ltr'>vivit</span> <span class='ocrx_word' id='word_1_40' title='bbox 1761 683 1812 730; x_wconf 90' lang='lat' dir='ltr'>in</span> <span class='ocrx_word' id='word_1_41' title='bbox 1849 684 2018 746; x_wconf 76' lang='lat' dir='ltr'>undiS,</span> 
     </span>
     <span class='ocr_line' id='line_1_7' title="bbox 534 775 1679 841; baseline -0.001 -15"><span class='ocrx_word' id='word_1_42' title='bbox 534 779 759 826; x_wconf 87' lang='lat' dir='ltr'>Assiduo</span> <span class='ocrx_word' id='word_1_43' title='bbox 797 780 1035 826; x_wconf 89' lang='lat' dir='ltr'>nostrum</span> <span class='ocrx_word' id='word_1_44' title='bbox 1074 778 1211 841; x_wconf 87' lang='lat' dir='ltr'>qvod</span> <span class='ocrx_word' id='word_1_45' title='bbox 1251 776 1526 824; x_wconf 76' lang='lat' dir='ltr'><strong>comitetur</strong></span> <span class='ocrx_word' id='word_1_46' title='bbox 1561 775 1679 825; x_wconf 82' lang='lat' dir='ltr'>iter:</span> 
     </span>
    </p>

    <p class='ocr_par' dir='ltr' id='par_1_4' title="bbox 399 866 1868 1024">
     <span class='ocr_line' id='line_1_8' title="bbox 399 866 1868 933; baseline -0.003 -15"><span class='ocrx_word' id='word_1_47' title='bbox 399 871 570 918; x_wconf 88' lang='lat' dir='ltr'>Instar</span> <span class='ocrx_word' id='word_1_48' title='bbox 607 870 644 918; x_wconf 64' lang='grc' dir='ltr'>ἃ</span> <span class='ocrx_word' id='word_1_49' title='bbox 682 871 763 918; x_wconf 89' lang='lat' dir='ltr'>est</span> <span class='ocrx_word' id='word_1_50' title='bbox 800 870 1043 933; x_wconf 81' lang='lat' dir='ltr'>qvaedam</span> <span class='ocrx_word' id='word_1_51' title='bbox 1080 869 1244 917; x_wconf 86' lang='lat' dir='ltr'>latitet</span> <span class='ocrx_word' id='word_1_52' title='bbox 1281 868 1376 916; x_wconf 87' lang='lat' dir='ltr'>sub</span> <span class='ocrx_word' id='word_1_53' title='bbox 1414 866 1624 915; x_wconf 87' lang='lat' dir='ltr'>flumine</span> <span class='ocrx_word' id='word_1_54' title='bbox 1661 866 1868 932; x_wconf 73' lang='lat' dir='ltr'>NajaS‚</span> 
     </span>
     <span class='ocr_line' id='line_1_9' title="bbox 538 959 1792 1024; baseline -0.002 -15"><span class='ocrx_word' id='word_1_55' title='bbox 538 961 666 1022; x_wconf 75' lang='lat' dir='ltr'>Qvae</span> <span class='ocrx_word' id='word_1_56' title='bbox 704 962 900 1010; x_wconf 87' lang='lat' dir='ltr'>circum</span> <span class='ocrx_word' id='word_1_57' title='bbox 935 960 1179 1024; x_wconf 80' lang='lat' dir='ltr'>lymphas</span> <span class='ocrx_word' id='word_1_58' title='bbox 1217 959 1356 1007; x_wconf 90' lang='lat' dir='ltr'>ducit</span> <span class='ocrx_word' id='word_1_59' title='bbox 1396 959 1608 1022; x_wconf 79' lang='lat' dir='ltr'>agitqve</span> <span class='ocrx_word' id='word_1_60' title='bbox 1647 974 1792 1021; x_wconf 62' lang='grc' dir='ltr'>δαεὶς,</span> 
     </span>
    </p>

    <p class='ocr_par' dir='ltr' id='par_1_5' title="bbox 400 1051 1759 1211">
     <span class='ocr_line' id='line_1_10' title="bbox 400 1051 1726 1118; baseline -0.003 -16"><span class='ocrx_word' id='word_1_61' title='bbox 400 1054 461 1101; x_wconf 83' lang='lat' dir='ltr'>Et</span> <span class='ocrx_word' id='word_1_62' title='bbox 499 1054 619 1118; x_wconf 83' lang='lat' dir='ltr'>qvia</span> <span class='ocrx_word' id='word_1_63' title='bbox 656 1054 753 1102; x_wconf 91' lang='lat' dir='ltr'>sim</span> <span class='ocrx_word' id='word_1_64' title='bbox 792 1053 935 1102; x_wconf 90' lang='lat' dir='ltr'>solus</span> <span class='ocrx_word' id='word_1_65' title='bbox 973 1068 1091 1116; x_wconf 80' lang='lat' dir='ltr'>qvae</span> <span class='ocrx_word' id='word_1_66' title='bbox 1128 1067 1335 1101; x_wconf 90' lang='lat' dir='ltr'>mecum</span> <span class='ocrx_word' id='word_1_67' title='bbox 1374 1051 1534 1098; x_wconf 87' lang='lat' dir='ltr'>lusilis</span> <span class='ocrx_word' id='word_1_68' title='bbox 1573 1052 1726 1113; x_wconf 72' lang='lat' dir='ltr'>erret,</span> 
     </span>
     <span class='ocr_line' id='line_1_11' title="bbox 537 1144 1759 1211; baseline -0.002 -16"><span class='ocrx_word' id='word_1_69' title='bbox 537 1147 724 1210; x_wconf 85' lang='lat' dir='ltr'>Adqve</span> <span class='ocrx_word' id='word_1_70' title='bbox 761 1161 937 1194; x_wconf 92' lang='lat' dir='ltr'>meum</span> <span class='ocrx_word' id='word_1_71' title='bbox 973 1146 1161 1211; x_wconf 79' lang='lat' dir='ltr'>jungat</span> <span class='ocrx_word' id='word_1_72' title='bbox 1201 1160 1260 1192; x_wconf 89' lang='lat' dir='ltr'>se</span> <span class='ocrx_word' id='word_1_73' title='bbox 1298 1145 1568 1207; x_wconf 87' lang='lat' dir='ltr'>societqve</span> <span class='ocrx_word' id='word_1_74' title='bbox 1605 1144 1759 1192; x_wconf 85' lang='lat' dir='ltr'>latus.</span> 
     </span>
    </p>

    <p class='ocr_par' dir='ltr' id='par_1_6' title="bbox 404 1235 1951 1391">
     <span class='ocr_line' id='line_1_12' title="bbox 404 1235 1951 1303; baseline -0.003 -17"><span class='ocrx_word' id='word_1_75' title='bbox 404 1240 496 1287; x_wconf 89' lang='lat' dir='ltr'>Hic</span> <span class='ocrx_word' id='word_1_76' title='bbox 534 1239 646 1303; x_wconf 81' lang='lat' dir='ltr'>Ego</span> <span class='ocrx_word' id='word_1_77' title='bbox 686 1239 808 1286; x_wconf 87' lang='lat' dir='ltr'>dum</span> <span class='ocrx_word' id='word_1_78' title='bbox 846 1238 1042 1302; x_wconf 87' lang='lat' dir='ltr'>spatior</span> <span class='ocrx_word' id='word_1_79' title='bbox 1077 1237 1226 1286; x_wconf 84' lang='lat' dir='ltr'>laevis</span> <span class='ocrx_word' id='word_1_80' title='bbox 1264 1237 1376 1284; x_wconf 89' lang='lat' dir='ltr'>sine</span> <span class='ocrx_word' id='word_1_81' title='bbox 1416 1236 1656 1284; x_wconf 75' lang='lat' dir='ltr'>Carmine</span> <span class='ocrx_word' id='word_1_82' title='bbox 1696 1235 1951 1297; x_wconf 73' lang='lat' dir='ltr'>chartam,</span> 
     </span>
     <span class='ocr_line' id='line_1_13' title="bbox 542 1329 1937 1391; baseline -0.004 -12"><span class='ocrx_word' id='word_1_83' title='bbox 542 1332 670 1391; x_wconf 77' lang='lat' dir='ltr'>Qvae</span> <span class='ocrx_word' id='word_1_84' title='bbox 707 1333 885 1379; x_wconf 87' lang='lat' dir='ltr'>tamen</span> <span class='ocrx_word' id='word_1_85' title='bbox 924 1332 1004 1378; x_wconf 90' lang='lat' dir='ltr'>est</span> <span class='ocrx_word' id='word_1_86' title='bbox 1039 1329 1271 1377; x_wconf 89' lang='lat' dir='ltr'>numeris</span> <span class='ocrx_word' id='word_1_87' title='bbox 1307 1329 1453 1377; x_wconf 89' lang='lat' dir='ltr'>hisce</span> <span class='ocrx_word' id='word_1_88' title='bbox 1493 1329 1682 1386; x_wconf 81' lang='lat' dir='ltr'>dicata,</span> <span class='ocrx_word' id='word_1_89' title='bbox 1721 1343 1937 1391; x_wconf 78' lang='lat' dir='ltr'>gerens3</span> 
     </span>
    </p>

    <p class='ocr_par' dir='ltr' id='par_1_7' title="bbox 405 1419 1862 1579">
     <span class='ocr_line' id='line_1_14' title="bbox 405 1419 1862 1486; baseline -0.004 -14"><span class='ocrx_word' id='word_1_90' title='bbox 405 1428 533 1485; x_wconf 67' lang='lat' dir='ltr'>Qvae</span> <span class='ocrx_word' id='word_1_91' title='bbox 570 1423 714 1472; x_wconf 88' lang='lat' dir='ltr'>velut</span> <span class='ocrx_word' id='word_1_92' title='bbox 752 1422 783 1470; x_wconf 78' lang='lat' dir='ltr'>a</span> <span class='ocrx_word' id='word_1_93' title='bbox 819 1422 1057 1486; x_wconf 87' lang='lat' dir='ltr'>Zephyro</span> <span class='ocrx_word' id='word_1_94' title='bbox 1094 1421 1279 1469; x_wconf 86' lang='lat' dir='ltr'>leviter</span> <span class='ocrx_word' id='word_1_95' title='bbox 1316 1419 1561 1469; x_wconf 78' lang='lat' dir='ltr'>sufflante</span> <span class='ocrx_word' id='word_1_96' title='bbox 1595 1421 1862 1482; x_wconf 65' lang='lat' dir='ltr'>tremiscit,</span> 
     </span>
     <span class='ocr_line' id='line_1_15' title="bbox 540 1514 1588 1579; baseline -0.003 -16"><span class='ocrx_word' id='word_1_97' title='bbox 540 1515 602 1563; x_wconf 85' lang='lat' dir='ltr'>Et</span> <span class='ocrx_word' id='word_1_98' title='bbox 640 1516 827 1579; x_wconf 82' lang='lat' dir='ltr'>digitos</span> <span class='ocrx_word' id='word_1_99' title='bbox 864 1515 996 1562; x_wconf 89' lang='lat' dir='ltr'>inter</span> <span class='ocrx_word' id='word_1_100' title='bbox 1032 1514 1159 1561; x_wconf 87' lang='lat' dir='ltr'>ludit</span> <span class='ocrx_word' id='word_1_101' title='bbox 1197 1514 1379 1576; x_wconf 87' lang='lat' dir='ltr'>aperta</span> <span class='ocrx_word' id='word_1_102' title='bbox 1417 1527 1588 1574; x_wconf 78' lang='lat' dir='ltr'>meos3</span> 
     </span>
    </p>

    <p class='ocr_par' dir='ltr' id='par_1_8' title="bbox 405 1605 1881 1764">
     <span class='ocr_line' id='line_1_16' title="bbox 405 1605 1881 1672; baseline -0.005 -15"><span class='ocrx_word' id='word_1_103' title='bbox 405 1609 487 1657; x_wconf 86' lang='lat' dir='ltr'>Me</span> <span class='ocrx_word' id='word_1_104' title='bbox 530 1608 679 1672; x_wconf 87' lang='lat' dir='ltr'>qvasi</span> <span class='ocrx_word' id='word_1_105' title='bbox 717 1607 1069 1671; x_wconf 72' lang='lat' dir='ltr'>permulcens,</span> <span class='ocrx_word' id='word_1_106' title='bbox 1108 1622 1140 1653; x_wconf 85' lang='lat' dir='ltr'>a</span> <span class='ocrx_word' id='word_1_107' title='bbox 1175 1621 1259 1653; x_wconf 92' lang='lat' dir='ltr'>me</span> <span class='ocrx_word' id='word_1_108' title='bbox 1299 1605 1417 1668; x_wconf 86' lang='lat' dir='ltr'>qvid</span> <span class='ocrx_word' id='word_1_109' title='bbox 1458 1605 1711 1653; x_wconf 77' lang='lat' dir='ltr'>Carminis</span> <span class='ocrx_word' id='word_1_110' title='bbox 1750 1605 1881 1664; x_wconf 47' lang='lat' dir='ltr'>orat5</span> 
     </span>
     <span class='ocr_line' id='line_1_17' title="bbox 540 1697 1764 1764; baseline -0.003 -16"><span class='ocrx_word' id='word_1_111' title='bbox 540 1703 713 1764; x_wconf 75' lang='lat' dir='ltr'>Atqve</span> <span class='ocrx_word' id='word_1_112' title='bbox 751 1701 801 1747; x_wconf 94' lang='lat' dir='ltr'>in</span> <span class='ocrx_word' id='word_1_113' title='bbox 839 1714 897 1747; x_wconf 93' lang='lat' dir='ltr'>se</span> <span class='ocrx_word' id='word_1_114' title='bbox 936 1700 1145 1747; x_wconf 89' lang='lat' dir='ltr'>nostros</span> <span class='ocrx_word' id='word_1_115' title='bbox 1184 1700 1327 1761; x_wconf 88' lang='lat' dir='ltr'>optat</span> <span class='ocrx_word' id='word_1_116' title='bbox 1364 1698 1562 1745; x_wconf 87' lang='lat' dir='ltr'>habere</span> <span class='ocrx_word' id='word_1_117' title='bbox 1598 1697 1764 1762; x_wconf 80' lang='lat' dir='ltr'>jocos,</span> 
     </span>
    </p>

    <p class='ocr_par' dir='ltr' id='par_1_9' title="bbox 405 1789 1793 1948">
     <span class='ocr_line' id='line_1_18' title="bbox 405 1789 1793 1855; baseline -0.004 -14"><span class='ocrx_word' id='word_1_118' title='bbox 405 1795 579 1842; x_wconf 81' lang='lat' dir='ltr'>Laetus</span> <span class='ocrx_word' id='word_1_119' title='bbox 615 1795 671 1840; x_wconf 90' lang='lat' dir='ltr'>ut</span> <span class='ocrx_word' id='word_1_120' title='bbox 707 1793 789 1840; x_wconf 89' lang='lat' dir='ltr'>hic</span> <span class='ocrx_word' id='word_1_121' title='bbox 828 1791 1025 1855; x_wconf 85' lang='lat' dir='ltr'>spatior</span> <span class='ocrx_word' id='word_1_122' title='bbox 1061 1790 1173 1838; x_wconf 69' lang='lat' dir='ltr'>sola</span> <span class='ocrx_word' id='word_1_123' title='bbox 1213 1790 1490 1837; x_wconf 89' lang='lat' dir='ltr'>comitatus</span> <span class='ocrx_word' id='word_1_124' title='bbox 1531 1789 1594 1836; x_wconf 88' lang='lat' dir='ltr'>ab</span> <span class='ocrx_word' id='word_1_125' title='bbox 1634 1789 1793 1848; x_wconf 69' lang='lat' dir='ltr'>unda,</span> 
     </span>
     <span class='ocr_line' id='line_1_19' title="bbox 543 1885 1701 1948; baseline -0.003 -15"><span class='ocrx_word' id='word_1_126' title='bbox 543 1885 764 1948; x_wconf 88' lang='lat' dir='ltr'>Dispulit</span> <span class='ocrx_word' id='word_1_127' title='bbox 802 1899 866 1932; x_wconf 92' lang='lat' dir='ltr'>en</span> <span class='ocrx_word' id='word_1_128' title='bbox 906 1898 1062 1930; x_wconf 86' lang='lat' dir='ltr'>curas</span> <span class='ocrx_word' id='word_1_129' title='bbox 1099 1897 1250 1930; x_wconf 87' lang='lat' dir='ltr'>mens</span> <span class='ocrx_word' id='word_1_130' title='bbox 1290 1897 1515 1945; x_wconf 87' lang='lat' dir='ltr'>operosa</span> <span class='ocrx_word' id='word_1_131' title='bbox 1551 1896 1701 1930; x_wconf 87' lang='lat' dir='ltr'>suas:</span> 
     </span>
    </p>

    <p class='ocr_par' dir='ltr' id='par_1_10' title="bbox 405 1973 1848 2128">
     <span class='ocr_line' id='line_1_20' title="bbox 405 1973 1848 2040; baseline -0.005 -14"><span class='ocrx_word' id='word_1_132' title='bbox 405 1979 593 2026; x_wconf 86' lang='lat' dir='ltr'>Tristia</span> <span class='ocrx_word' id='word_1_133' title='bbox 627 1977 917 2040; x_wconf 76' lang='lat' dir='ltr'>diffugiunt,</span> <span class='ocrx_word' id='word_1_134' title='bbox 955 1975 1092 2022; x_wconf 85' lang='lat' dir='ltr'>subit</span> <span class='ocrx_word' id='word_1_135' title='bbox 1127 1975 1164 2022; x_wconf 67' lang='grc' dir='ltr'>ἅ</span> <span class='ocrx_word' id='word_1_136' title='bbox 1204 1990 1322 2022; x_wconf 90' lang='lat' dir='ltr'>cum</span> <span class='ocrx_word' id='word_1_137' title='bbox 1363 1973 1603 2021; x_wconf 78' lang='lat' dir='ltr'>Carmine</span> <span class='ocrx_word' id='word_1_138' title='bbox 1644 1974 1848 2033; x_wconf 68' lang='lat' dir='ltr'>cantus,</span> 
     </span>
     <span class='ocr_line' id='line_1_21' title="bbox 541 2066 1799 2128; baseline -0.002 -12"><span class='ocrx_word' id='word_1_139' title='bbox 541 2069 632 2117; x_wconf 85' lang='lat' dir='ltr'>Est</span> <span class='ocrx_word' id='word_1_140' title='bbox 667 2069 856 2116; x_wconf 90' lang='lat' dir='ltr'>mentis</span> <span class='ocrx_word' id='word_1_141' title='bbox 893 2082 1083 2115; x_wconf 84' lang='lat' dir='ltr'>vacuae</span> <span class='ocrx_word' id='word_1_142' title='bbox 1120 2082 1241 2114; x_wconf 88' lang='lat' dir='ltr'>nam</span> <span class='ocrx_word' id='word_1_143' title='bbox 1280 2066 1614 2113; x_wconf 84' lang='lat' dir='ltr'>modulamen</span> <span class='ocrx_word' id='word_1_144' title='bbox 1654 2080 1799 2128; x_wconf 91' lang='lat' dir='ltr'>opus.</span> 
     </span>
    </p>

    <p class='ocr_par' dir='ltr' id='par_1_11' title="bbox 406 2157 1810 2313">
     <span class='ocr_line' id='line_1_22' title="bbox 406 2157 1791 2220; baseline -0.004 -11"><span class='ocrx_word' id='word_1_145' title='bbox 406 2162 560 2209; x_wconf 83' lang='lat' dir='ltr'>Venit.</span> <span class='ocrx_word' id='word_1_146' title='bbox 595 2175 741 2209; x_wconf 90' lang='lat' dir='ltr'>amor</span> <span class='ocrx_word' id='word_1_147' title='bbox 779 2159 994 2207; x_wconf 76' lang='lat' dir='ltr'>citharae</span> <span class='ocrx_word' id='word_1_148' title='bbox 1031 2158 1199 2205; x_wconf 90' lang='lat' dir='ltr'>subito</span> <span class='ocrx_word' id='word_1_149' title='bbox 1238 2159 1486 2220; x_wconf 77' lang='lat' dir='ltr'>venitqve</span> <span class='ocrx_word' id='word_1_150' title='bbox 1526 2157 1791 2217; x_wconf 52' lang='lat' dir='ltr'>Camenae</span> 
     </span>
     <span class='ocr_line' id='line_1_23' title="bbox 540 2249 1810 2313; baseline -0.003 -13"><span class='ocrx_word' id='word_1_151' title='bbox 540 2253 797 2300; x_wconf 88' lang='lat' dir='ltr'>Protenus</span> <span class='ocrx_word' id='word_1_152' title='bbox 836 2251 873 2299; x_wconf 70' lang='grc' dir='ltr'>ἅ.</span> <span class='ocrx_word' id='word_1_153' title='bbox 911 2250 1073 2298; x_wconf 85' lang='lat' dir='ltr'>voluit</span> <span class='ocrx_word' id='word_1_154' title='bbox 1109 2249 1307 2313; x_wconf 87' lang='lat' dir='ltr'>plectra</span> <span class='ocrx_word' id='word_1_155' title='bbox 1344 2264 1560 2297; x_wconf 81' lang='lat' dir='ltr'>movere</span> <span class='ocrx_word' id='word_1_156' title='bbox 1599 2262 1810 2296; x_wconf 89' lang='lat' dir='ltr'>manus:</span> 
     </span>
    </p>

    <p class='ocr_par' dir='ltr' id='par_1_12' title="bbox 409 2340 1875 2500">
     <span class='ocr_line' id='line_1_24' title="bbox 409 2340 1875 2406; baseline -0.005 -13"><span class='ocrx_word' id='word_1_157' title='bbox 409 2346 446 2392; x_wconf 82' lang='grc' dir='ltr'><strong>Ο</strong></span> <span class='ocrx_word' id='word_1_158' title='bbox 485 2345 623 2406; x_wconf 76' lang='lat' dir='ltr'>mihi,</span> <span class='ocrx_word' id='word_1_159' title='bbox 662 2343 974 2404; x_wconf 71' lang='lat' dir='ltr'>clamabam,</span> <span class='ocrx_word' id='word_1_160' title='bbox 1011 2343 1351 2405; x_wconf 84' lang='lat' dir='ltr'>properanter</span> <span class='ocrx_word' id='word_1_161' title='bbox 1390 2342 1572 2389; x_wconf 83' lang='lat' dir='ltr'>adeste</span> <span class='ocrx_word' id='word_1_162' title='bbox 1611 2340 1875 2400; x_wconf 70' lang='lat' dir='ltr'>Camenae,</span> 
     </span>
     <span class='ocr_line' id='line_1_25' title="bbox 545 2432 1858 2500; baseline -0.003 -16"><span class='ocrx_word' id='word_1_163' title='bbox 545 2437 605 2484; x_wconf 82' lang='lat' dir='ltr'>Et</span> <span class='ocrx_word' id='word_1_164' title='bbox 639 2451 826 2500; x_wconf 87' lang='lat' dir='ltr'>precor</span> <span class='ocrx_word' id='word_1_165' title='bbox 862 2435 912 2482; x_wconf 92' lang='lat' dir='ltr'>in</span> <span class='ocrx_word' id='word_1_166' title='bbox 949 2435 1186 2481; x_wconf 90' lang='lat' dir='ltr'>nostrum</span> <span class='ocrx_word' id='word_1_167' title='bbox 1225 2435 1411 2497; x_wconf 91' lang='lat' dir='ltr'>sponte</span> <span class='ocrx_word' id='word_1_168' title='bbox 1450 2433 1625 2481; x_wconf 84' lang='lat' dir='ltr'>venite</span> <span class='ocrx_word' id='word_1_169' title='bbox 1665 2432 1858 2480; x_wconf 89' lang='lat' dir='ltr'>sinum:</span> 
     </span>
    </p>

    <p class='ocr_par' dir='ltr' id='par_1_13' title="bbox 410 2524 2004 2684">
     <span class='ocr_line' id='line_1_26' title="bbox 410 2524 1809 2589; baseline -0.004 -12"><span class='ocrx_word' id='word_1_170' title='bbox 410 2529 467 2577; x_wconf 92' lang='lat' dir='ltr'>In</span> <span class='ocrx_word' id='word_1_171' title='bbox 505 2544 588 2576; x_wconf 92' lang='lat' dir='ltr'>me</span> <span class='ocrx_word' id='word_1_172' title='bbox 628 2529 748 2575; x_wconf 89' lang='lat' dir='ltr'>dum</span> <span class='ocrx_word' id='word_1_173' title='bbox 788 2528 961 2575; x_wconf 82' lang='lat' dir='ltr'>vocito</span> <span class='ocrx_word' id='word_1_174' title='bbox 1001 2526 1169 2573; x_wconf 89' lang='lat' dir='ltr'>cultas</span> <span class='ocrx_word' id='word_1_175' title='bbox 1206 2526 1487 2589; x_wconf 80' lang='lat' dir='ltr'>vocitoqve</span> <span class='ocrx_word' id='word_1_176' title='bbox 1529 2524 1809 2585; x_wconf 72' lang='lat' dir='ltr'>CamenaS‚</span> 
     </span>
     <span class='ocr_line' id='line_1_27' title="bbox 546 2615 2004 2684; baseline -0.003 -16"><span class='ocrx_word' id='word_1_177' title='bbox 546 2620 629 2668; x_wconf 91' lang='lat' dir='ltr'>Me</span> <span class='ocrx_word' id='word_1_178' title='bbox 667 2634 825 2684; x_wconf 86' lang='lat' dir='ltr'>super</span> <span class='ocrx_word' id='word_1_179' title='bbox 863 2634 927 2666; x_wconf 88' lang='lat' dir='ltr'>en</span> <span class='ocrx_word' id='word_1_180' title='bbox 966 2618 1236 2666; x_wconf 80' lang='lat' dir='ltr'>volucris</span> <span class='ocrx_word' id='word_1_181' title='bbox 1273 2632 1448 2680; x_wconf 88' lang='lat' dir='ltr'>penna</span> <span class='ocrx_word' id='word_1_182' title='bbox 1486 2619 1792 2679; x_wconf 85' lang='lat' dir='ltr'>streporqve</span> <span class='ocrx_word' id='word_1_183' title='bbox 1831 2615 2004 2663; x_wconf 85' lang='lat' dir='ltr'>sonat:</span> 
     </span>
    </p>
   </div>
  </div>
 </body>
</html>
