2299 3188
466 202 520 245 76

701 354 768 408 In
810 372 906 426 par
947 354 1116 408 senile
1159 372 1284 408 cum
1326 353 1534 408 inirent
1574 353 1808 425 nuptias.

530 473 672 538 Ypri!
712 488 867 522 move
906 473 1084 535 risum,
1120 473 1371 536 festisque
1410 472 1705 536 applaudite
1742 472 1979 523 Musae!

563 567 620 614 In
656 578 905 613 numeros
942 564 1178 626 tremule„
1217 578 1407 613 curva
1444 562 1730 613 Senecta!
1770 580 1878 613 rue.

410 657 483 705 En
525 657 791 706 celebrant
822 657 1008 718 taedam,
1043 656 1327 719 ineuntque
1366 655 1592 704 recentis
1631 656 1822 704 amoris

543 748 779 811 Foedera,
818 748 965 812 qveis
1005 749 1158 797 ardor
1194 747 1364 796 nullus
1404 749 1440 796 <ln
1475 748 1610 812 ignis
1647 748 1796 797 inest.

411 840 495 889 Sic
529 856 646 889 reor
682 841 890 889 umbra
928 841 1169 901 umbrae,
1207 841 1282 888 sic
1320 840 1429 887 viti
1464 840 1696 905 Jungitur
1733 839 1948 890 ulmus:

544 933 851 982 Marmora
888 932 1172 996 Sculptoris
1211 933 1286 981 sic
1324 933 1592 981 sociantur
1630 947 1741 995 ope.

1144 1118 1338 1171 Aliter.

544 1238 662 1302 Uga
698 1238 827 1299 Tua,
867 1252 894 1285 o
934 1237 1134 1286 mulier!
1175 1237 1343 1285 sulcet
1381 1250 1538 1299 qvam
1575 1236 1752 1285 tortilis
1793 1251 1908 1294 ora;

577 1329 738 1392 Inque
778 1332 899 1392 qvol
939 1330 1015 1377 esi
1054 1328 1197 1392 pellis
1236 1329 1393 1376 ducta
1430 1328 1647 1376 reducta
1685 1327 1862 1391 plicas,

407 1422 463 1469 In
501 1421 646 1485 rugis
683 1420 907 1482 habitas,
948 1436 1080 1484 qvas
1118 1421 1160 1468 si
1198 1419 1450 1483 replicare
1488 1434 1580 1482 per
1619 1419 1796 1468 orbem

540 1513 750 1575 PosseS‚
789 1528 817 1562 o
858 1528 1007 1562 esses
1047 1528 1204 1577 qvam
1243 1512 1525 1576 spatiosa
1564 1512 1760 1576 gigaS‚

407 1607 632 1670 Corpore
673 1607 828 1655 credo
864 1608 952 1654 tuo
990 1606 1198 1669 gemino
1238 1606 1378 1653 fores
1416 1619 1570 1668 aeqva
1606 1604 1830 1667 Parenti‚

541 1697 603 1745 Et
638 1699 801 1746 totum
839 1712 1026 1761 posses
1064 1697 1232 1744 intus
1270 1697 1467 1745 habere
1504 1697 1696 1744 Virum.

622 1931 687 1984 In
732 1930 1051 1984 Doctissimi
1096 1936 1128 1982 ἇ-
1176 1929 1567 1983 Pulcherrimae
1610 1929 1857 2001 Nuptias.

556 2051 692 2099 bene
731 2066 887 2114 qvam
924 2049 1100 2098 Docti
1130 2049 1451 2097 circumdent
1477 2049 1693 2097 brachia
1717 2048 2062 2097 Pulchram:

576 2143 743 2202 Qvam
780 2142 916 2190 bene
953 2141 1212 2189 formosas
1251 2141 1556 2204 ingeniosus
1595 2142 1750 2189 amet.

401 2232 535 2281 Nam
573 2249 723 2282 mens
761 2234 811 2281 in
850 2233 1035 2297 qvovis
1073 2232 1274 2280 habitat
1309 2232 1527 2281 mortale
1565 2246 1844 2295 superne,

541 2325 732 2374 Forma
768 2326 902 2374 loco
943 2339 1152 2388 semper
1188 2325 1481 2373 inferiore
1517 2325 1675 2390 jacet.

1139 2485 1336 2539 Aliter.

556 2620 709 2668 qvam
752 2605 822 2652 sis
862 2605 1076 2666 cultus,
1113 2619 1251 2652 nove
1291 2603 1514 2667 Sponse!
1556 2607 1605 2651 al·
1646 2603 1860 2651 cultior
1896 2602 1978 2649 illa

570 2695 644 2744 Ex
679 2696 753 2744 Te
791 2696 1047 2744 vaticinor
1083 2697 1201 2758 post
1238 2695 1397 2744 breve
1434 2696 1640 2759 tempus
1680 2695 1787 2744 erit.
