2299 3188
1771 160 1823 202 13

251 296 513 360 Tempora
552 296 770 344 canities
811 293 970 343 ambit
1009 309 1107 342 ceu
1143 290 1327 357 pulcra
1367 304 1580 350 corona,

392 388 499 437 Ceu
540 389 699 452 cingit
736 388 914 435 laurus
952 386 1038 434 vel
1077 386 1318 433 diadema
1357 384 1530 446 caput,

255 482 492 531 Pondere
533 480 849 544 deprimitur,
889 479 1077 528 cecinit
1113 493 1230 541 quae
1269 477 1474 537 aestate,
1515 474 1715 523 cicada.

395 573 479 622 Sic
519 573 733 621 senibus
774 571 1025 635 scapulae,
1063 570 1239 618 vultus
1278 570 1315 618 ὣ
1355 582 1478 617 ossa
1517 567 1702 631 rigent.
1739 607 1742 610 ,

259 666 390 715 Sunt
426 666 522 729 ipsi
558 665 801 729 graciles,
841 665 1278 726 exsiccanturque
1316 660 1582 721 medullae3

189 741 193 745 ὁ
397 759 532 806 Ossa
571 760 750 806 extant
787 758 1034 817 humeris„
1072 755 1499 818 contrahiturque
1541 752 1692 801 cutis.

261 851 461 899 Gaudia
500 853 624 914 quot
658 851 911 916 juvenum
950 849 1169 913 fugiunt,
1207 848 1311 896 heu
1350 847 1548 910 quanta
1584 843 1852 906 voluptas!

398 943 533 1003 Qvot
570 944 797 992 subeunt
834 943 1014 1003 morbi7
1051 941 1225 1003 taedia,
1264 942 1474 1002 damna,
1513 937 1674 986 mala!

1057 1102 1090 1126 v.
1126 1090 1164 1126 9.

265 1181 532 1243 Quoslibet
570 1197 634 1229 en
672 1181 911 1229 homines
946 1181 1080 1244 rapit
1116 1178 1450 1228 inclementia
1486 1175 1687 1224 mortis:

400 1274 512 1323 Nec
551 1274 717 1322 semel
752 1274 872 1321 hinc
913 1273 1096 1321 abiens
1133 1272 1189 1319 fit
1226 1271 1495 1319 redivivus
1532 1269 1705 1317 homo.

267 1367 455 1416 Circuit
490 1368 527 1415 ἃ
564 1367 712 1415 vicos
751 1367 1088 1415 moestissima
1125 1365 1279 1412 turba
1314 1364 1605 1426 forumque,

402 1459 464 1506 Et
500 1458 625 1507 fletu
662 1460 865 1522 tepidas
903 1459 1084 1506 imbuit
1120 1457 1205 1505 iila
1242 1471 1429 1521 genas.

269 1552 406 1600 Orba
442 1553 661 1616 parente
703 1553 904 1613 domus„
945 1551 1135 1616 conjux
1171 1551 1389 1597 viduata
1425 1548 1609 1596 marito

401 1644 589 1710 Ejulat‚
628 1645 665 1692 ἃ
701 1644 902 1708 plangit
938 1645 1159 1708 pignora
1197 1643 1417 1706 quisque
1454 1656 1569 1689 sua.

268 1737 489 1786 Praefica
525 1737 745 1786 venales
783 1737 956 1785 lessus
993 1737 1331 1799 lamentaque
1369 1734 1493 1783 ficta

405 1829 653 1878 Fundens
691 1829 1027 1894 subsequitur
1062 1828 1250 1877 funera
1286 1827 1430 1876 lenta
1467 1825 1655 1890 gradu.

1047 1988 1080 2013 v.
1118 1975 1179 2013 10.

275 2055 539 2105 Candidus
579 2056 784 2120 argenti
820 2054 957 2102 funis
998 2053 1331 2116 disrumpitur
1366 2053 1526 2102 intus,

411 2148 642 2212 Corpora
680 2148 765 2211 qui
802 2147 959 2195 nutrit
996 2161 1191 2194 succus
1230 2146 1267 2193 ἃ
1304 2144 1491 2193 humor
1529 2144 1649 2192 abit.

274 2240 519 2304 Langvet
556 2240 593 2288 a
632 2240 856 2288 excurrit
892 2239 1009 2286 fons
1046 2238 1187 2286 fulvo
1228 2237 1474 2286 concolor
1515 2251 1666 2296 aur03

411 2331 473 2380 Et
511 2332 742 2396 quisquis
781 2332 977 2380 circum
1016 2333 1095 2379 est
1131 2332 1349 2395 pectora
1386 2330 1607 2394 sangvis
1644 2327 1816 2375 hebet.

276 2424 491 2489 Egelido
529 2425 720 2489 frigent
758 2424 948 2473 effoetae
984 2425 1035 2471 in
1075 2438 1293 2488 corpore
1330 2423 1498 2485 vires3

415 2517 512 2564 Vix
549 2517 586 2565 ἀ
622 2517 674 2564 in
713 2517 972 2580 exsangvi
1009 2517 1223 2580 pectore
1261 2531 1404 2564 vena
1439 2515 1597 2579 tepet.

280 2608 356 2656 En
395 2608 549 2656 situla
588 2609 652 2655 ad
690 2611 905 2672 puteum
942 2607 1104 2655 veluti
1140 2608 1336 2656 rimosa
1370 2607 1578 2655 fatiscit.

417 2700 493 2748 En
533 2715 738 2764 quoque
774 2700 1055 2748 tabescunt
1093 2700 1302 2747 viscera
1339 2700 1484 2748 sicca
1522 2713 1724 2746 senum.
