2299 3188
355 193 408 236 12

427 321 645 369 Lumina
681 322 827 369 trans
865 322 1106 386 geminas
1145 321 1375 385 caligant
1411 321 1575 368 missa
1610 319 1898 369 fenestras:

563 413 726 477 Inque
765 413 911 461 senili
945 412 1000 459 fit
1036 415 1269 476 tempore
1303 413 1451 460 visus
1488 411 1669 461 hebes,

428 504 557 553 Hinc
597 503 777 551 oculos
815 503 1036 552 hebetes
1072 505 1347 567 praemunit
1384 504 1632 568 grandior
1670 504 1819 565 aetaS‚

567 594 919 658 Convexoque
954 595 1105 660 juvat
1140 595 1335 644 lumina
1373 596 1495 643 bina
1530 595 1680 644 vitro.

1287 741 1307 753 P-

1216 753 1250 779 Υ.
1291 751 1322 778 l.

432 833 488 880 In
528 831 713 896 plateis
751 832 915 895 portae
954 832 1075 879 sunt
1110 831 1215 879 heu
1251 832 1535 880 munimine
1574 831 1795 893 clausae3

568 925 990 988 Obsequiumque
1029 924 1124 971 sibi
1160 924 1363 987 torpida
1398 924 1547 972 labra
1583 925 1797 987 negant.

432 1017 524 1064 Est
560 1016 704 1064 velut
740 1017 791 1063 in
828 1016 1003 1079 primis
1039 1017 1147 1082 jam
1184 1016 1291 1081 jam
1328 1031 1470 1064 mors
1507 1016 1698 1079 pallida
1733 1016 1909 1065 labris:

566 1109 759 1157 Insidet
795 1108 879 1156 illa
916 1110 1109 1157 tremor
1145 1108 1480 1172 pallidiorque
1519 1108 1673 1157 color.

431 1201 547 1250 Non
584 1201 724 1250 mola
763 1203 1017 1249 consveto
1055 1203 1271 1249 resonat
1309 1202 1528 1249 stridore
1567 1216 1827 1264 sonoque:

566 1293 718 1341 Neve
756 1308 919 1341 sonus
956 1295 1197 1341 remanet
1231 1308 1407 1341 voxve
1447 1308 1645 1341 canora
1683 1293 1811 1341 seni.

431 1386 656 1450 Evigilat
693 1401 878 1434 somno
918 1385 1164 1449 querulus
1204 1401 1363 1449 qvum
1400 1386 1656 1434 intercinit
1694 1386 1826 1447 ales;

567 1479 837 1542 Rumpitur
873 1479 909 1527 ἅ
945 1478 1047 1526 leni
1083 1493 1349 1526 murmure
1387 1479 1542 1542 grata
1580 1478 1748 1542 quies:

433 1572 633 1636 Vixque
671 1573 843 1635 potest
880 1570 1060 1619 oculos
1096 1571 1269 1619 lassos
1304 1571 1607 1619 submittere
1645 1586 1846 1633 soan

571 1664 674 1713 Sed
711 1664 924 1728 vigilem
960 1664 1153 1712 lectum
1192 1666 1346 1712 nocte
1386 1664 1570 1727 dieque
1608 1663 1765 1712 fovet.

435 1757 725 1805 Obstruitur
760 1757 1112 1821 premiturque
1151 1756 1263 1804 seni
1301 1772 1400 1804 sua
1436 1756 1540 1804 filia
1576 1757 1780 1818 cantus,

571 1850 634 1897 Et
669 1849 815 1898 velut
853 1865 916 1898 ex
953 1849 1113 1896 surda
1150 1849 1352 1912 pellitur
1391 1863 1518 1896 aure
1557 1863 1733 1897 sonus.

435 1945 669 2007 Utraque
707 1942 1011 2007 grandaevis
1050 1941 1190 1989 auris
1231 1956 1329 1989 ceu
1367 1940 1590 1989 flaccida
1626 1942 1840 2004 pendet:

571 2037 805 2099 Utraque
842 2033 1103 2098 praeclusa
1142 2034 1232 2082 aut
1269 2034 1586 2097 semiaperta
1624 2048 1753 2082 sono
1794 2034 1888 2081 est.

1226 2191 1260 2216 v.
1295 2179 1331 2216 8.

439 2262 654 2312 Culmen
693 2260 731 2308 ἀ
770 2259 875 2307 alta
913 2273 1071 2307 senes
1108 2259 1347 2306 metuunt
1385 2258 1423 2306 ἃ
1463 2258 1689 2321 compita
1723 2258 1890 2319 curvi3

573 2352 895 2415 Planitieque
931 2351 1170 2412 manent3
1209 2350 1247 2399 dn
1283 2352 1464 2398 manet
1498 2349 1583 2398 illa
1621 2365 1795 2399 senes,

437 2448 524 2496 Bis
562 2445 708 2510 pueri
745 2443 890 2504 fiunt,
927 2444 1167 2491 metuunt
1204 2442 1282 2490 bis
1321 2443 1487 2490 strata
1522 2442 1744 2492 viarum.

571 2539 763 2601 Bisque
800 2537 946 2585 timet
980 2536 1209 2583 titubans
1249 2549 1466 2598 carpere
1504 2534 1684 2597 poples
1720 2535 1829 2583 iter.

437 2632 499 2679 Et
533 2631 766 2679 formosa
804 2628 967 2677 comis
1003 2628 1287 2676 frondescit
1325 2626 1638 2690 amygdalus
1673 2627 1822 2676 albis:

576 2721 819 2770 (lanescit
856 2721 1032 2768 viridis
1068 2734 1258 2784 nempe
1296 2720 1516 2767 senecta
1555 2719 1732 2768 comiS.
