2299 3188
1799 160 1849 204 15

220 297 390 362 thue
432 298 613 345 carent
651 311 870 344 numero
909 294 1171 356 volucres,
1208 296 1265 341 ut
1301 293 1350 340 in
1391 306 1602 355 eeqvore
1642 291 1834 354 pisces,

361 389 444 438 Sic
485 390 631 438 caret
668 390 705 436 ἀ
742 403 960 436 numero
999 387 1193 435 multus
1234 387 1285 433 in
1325 385 1448 433 orbe
1487 384 1629 433 liber.

224 483 449 531 Plurima
485 497 608 545 pars
646 481 834 543 fumos,
873 481 1076 529 steriles
1116 480 1227 528 sine
1266 478 1496 542 pondere
1535 490 1700 524 voces

362 575 623 636 Venditat,
663 577 713 622 et
748 574 915 639 jactat
951 573 1118 621 verba
1158 586 1372 632 canora,
1410 584 1602 633 nugas.

225 668 318 729 Te,
358 682 576 728 caveaS,
612 667 755 715 fallat
793 666 936 714 frons
973 666 1225 713 insidiosa
1260 662 1434 712 libelli:

367 759 570 824 Saepius
608 760 657 806 in
698 759 833 807 dulci
870 758 1022 807 melle
1063 772 1275 806 venena
1312 755 1491 804 latent.

230 853 321 915 Sit,
357 853 586 919 juvenis,
624 855 744 900 tuus
783 867 919 899 unus
960 866 1123 912 amor,
1157 852 1247 898 tua
1285 849 1399 898 sola
1436 847 1698 910 voluptas,

366 945 624 1009 Perpetuo
663 945 840 993 verbis
878 944 1150 1008 invigilare
1189 942 1372 991 sacris.

229 1038 339 1087 Hoc
377 1038 527 1086 ineas
568 1038 801 1101 adytum,
838 1037 954 1085 haec
992 1039 1175 1084 vatum
1214 1035 1451 1083 sacraria
1487 1033 1698 1093 lustres,

367 1129 493 1177 Heic
534 1129 623 1176 tibi
661 1129 865 1190 delitiae,
902 1127 1113 1191 pabula,
1150 1128 1337 1175 nectar
1375 1127 1542 1174 erunt.

232 1222 321 1269 His
357 1222 511 1287 juvat
546 1221 597 1268 in
636 1221 818 1268 studiis
858 1235 1139 1268 exsomnes
1179 1220 1371 1266 ducere
1412 1217 1621 1264 noctes:

368 1313 457 1361 His
496 1313 663 1361 sacris
703 1312 840 1361 curis
877 1312 1176 1360 insenuisse
1212 1311 1377 1376 juvat.

232 1406 300 1454 Ut
338 1405 416 1453 sol
452 1405 736 1468 praeradiat
770 1404 932 1452 rutilis
970 1402 1259 1467 fulgoribus
1299 1402 1468 1449 astra:

371 1495 456 1544 Sic
493 1495 622 1545 liber
660 1497 942 1560 exsuperat
980 1496 1176 1544 caetera
1214 1492 1408 1556 scripta
1446 1505 1616 1539 sacer.

234 1588 499 1637 Fatidicus
538 1588 755 1651 Clarius,
793 1589 1040 1652 tripodes,
1079 1587 1116 1635 ὁὶ
1152 1585 1409 1649 Delphica
1445 1582 1643 1644 laurus,

373 1681 482 1728 Has
519 1695 706 1728 sacras
744 1679 952 1728 tabulas
991 1680 1285 1742 sanctaque
1322 1676 1490 1724 verba
1527 1674 1754 1737 stupent.

236 1773 521 1822 Debilitant
555 1772 812 1838 juvenum
849 1771 1082 1836 vigilatae
1123 1784 1345 1834 corpora
1381 1769 1586 1828 nocteS,

372 1863 435 1912 Et
470 1863 669 1911 faciunt
706 1863 899 1912 similes
936 1863 1178 1912 noctibus
1218 1876 1339 1910 esse
1377 1860 1503 1908 suis,

238 1956 467 2004 Invitant
503 1956 746 2018 maciem,
782 1955 1086 2019 lentumque
1123 1955 1175 2002 in
1211 1954 1424 2001 viscera
1459 1950 1718 2011 morbum,

378 2046 634 2096 Concolor
670 2047 707 2095 ἃς
743 2048 895 2096 morti
930 2047 1064 2095 livor
1099 2048 1152 2094 in
1190 2061 1284 2095 ora
1320 2045 1473 2094 subit.

1024 2210 1058 2235 v.
1096 2199 1156 2236 14.

241 2276 338 2325 Dic
378 2291 480 2340 age
517 2277 839 2340 praecipuum
879 2277 998 2340 quid
1036 2277 1143 2325 toto
1183 2276 1397 2324 discitur
1435 2273 1596 2323 orbe?

380 2367 508 2427 Quae
546 2369 700 2416 studii
735 2383 923 2416 norma
959 2368 996 2416 ἃ
1033 2367 1235 2432 regula,
1273 2367 1390 2415 finis
1430 2365 1560 2414 erit?

246 2459 496 2522 Quicquid
534 2474 691 2508 sacra
729 2460 920 2508 docent
954 2458 1127 2506 Divini
1166 2459 1382 2507 oracula
1416 2456 1585 2517 verbi,

380 2550 528 2611 Quod
566 2551 721 2598 docet
758 2551 1088 2614 omnipotens
1128 2552 1517 2614 omnisciusque
1552 2548 1718 2607 Deus3

245 2642 475 2690 Auribus
507 2642 607 2690 hoc
645 2642 821 2705 rapias
862 2643 1046 2705 avidiS,
1083 2642 1184 2690 hoc
1221 2644 1398 2691 mente
1434 2640 1721 2690 recondas:

386 2733 588 2797 Jugiter
624 2733 724 2782 hoc
762 2733 970 2796 volvaS,
1007 2733 1389 2798 suspiciasque,
1428 2734 1588 2782 colas,
