2299 3188
1739 181 1794 223 45

172 316 418 379 Vosqve
460 315 621 363 duces
660 314 837 378 magni
876 313 1129 361 Svionum
1169 312 1253 375 qvi
1291 310 1456 359 fulcra
1492 311 1676 373 fuistis,

310 407 535 456 Nomina
571 409 680 454 tam
717 406 895 470 parvis
934 420 1037 453 non
1077 404 1355 453 referenda
1391 403 1581 464 modis3

172 499 398 547 Nomina
435 499 477 547 si
515 499 670 546 vultis
708 498 924 547 memori
964 497 1287 546 committere
1327 495 1493 544 Cedro

310 591 476 651 Qvam
517 591 670 639 claris
708 590 863 638 titulis
901 589 985 637 illa
1023 588 1252 653 superba
1288 588 1436 636 foret.

171 683 351 731 Aurea
390 683 609 731 donetur
646 683 796 730 vobis
834 697 938 730 non
979 696 1180 745 qverna
1218 679 1442 741 Corona,

311 775 405 836 Qvi
442 777 678 824 vestrum
715 775 919 837 meruit,
956 775 1325 837 sidereamqve
1361 773 1517 821 ferat:

175 867 415 916 Consiliis
452 868 661 930 vestris,
700 868 902 930 animis,
940 866 1216 914 virtutibus
1254 865 1420 913 hostis

315 961 538 1023 Stratus,
575 976 715 1009 nune
752 960 969 1024 Aqvilas
1009 974 1157 1007 arma
1193 959 1441 1021 virosqve
1479 957 1656 1021 gemit.

173 1055 419 1118 Liqverat
454 1055 504 1102 Is
542 1069 710 1118 nuper
746 1053 982 1102 Danicas
1019 1066 1337 1100 numerosus
1377 1065 1588 1112 arenaS,

311 1146 414 1195 Sed
452 1147 661 1195 rediens
698 1146 882 1209 paucis
922 1145 1306 1194 concomitatus
1345 1144 1485 1193 erat:

173 1239 399 1302 Agmina
438 1254 536 1287 ceu
576 1239 794 1287 comites
830 1237 1039 1285 fuerant
1077 1236 1213 1285 male
1252 1236 1355 1285 fida
1393 1236 1600 1299 seqvuti

310 1331 369 1378 Et
406 1331 579 1379 Timor
611 1332 648 1378 ἅ.
684 1330 854 1378 Pallor
891 1344 1116 1393 cumqve
1152 1330 1349 1393 pudore
1388 1328 1537 1391 fuga:

174 1424 399 1471 Intonuit
437 1424 691 1485 dextrum,
729 1422 972 1470 subduxit
1009 1421 1185 1469 nubila
1221 1421 1468 1482 Phoebus,

311 1516 533 1563 Exitium
573 1516 693 1563 dixit
732 1530 944 1575 causa,
984 1514 1227 1577 deditqve
1265 1512 1458 1563 DEUS.

176 1609 350 1657 Causa
388 1609 615 1672 pigenda
653 1607 852 1668 subest,
889 1608 1090 1670 Regum
1131 1621 1249 1669 qvae
1287 1606 1507 1653 dedecet
1546 1606 1761 1665 ostrum?

313 1705 482 1761 Qvam
518 1701 700 1749 merito
742 1715 961 1748 causam
999 1700 1166 1747 rideat
1202 1699 1319 1762 Ipse
1360 1698 1567 1747 Danus:

173 1795 219 1841 A
257 1793 512 1841 CARoLo
554 1794 766 1841 cautum
805 1796 899 1853 est,
939 1807 1002 1839 ne
1043 1793 1252 1840 crescat
1289 1791 1498 1854 spiritus
1538 1790 1698 1850 Hosti,

309 1885 383 1933 En
424 1886 613 1947 Crevit,
650 1900 777 1933 vere
816 1885 1136 1932 vaticinatus
1175 1885 1303 1932 erat.

175 1979 231 2025 In
272 1978 508 2026 CARoLI
545 1978 710 2026 vetuit
746 1977 931 2026 laudes
970 1977 1108 2025 exire
1146 1976 1356 2037 Poctas7

314 2070 442 2117 Cum
480 2071 658 2117 tamen
697 2070 776 2116 est
813 2069 982 2134 maj0r
1018 2068 1259 2116 laudibus
1297 2068 1413 2130 Ipse
1453 2065 1598 2114 Suis:

178 2162 384 2210 Scilicet
424 2161 523 2210 hoc
561 2162 770 2225 propter
807 2161 1015 2209 sudabit
1052 2161 1312 2224 sangvine
1348 2159 1484 2219 litus,

314 2254 423 2301 Hoc
459 2256 670 2317 propter
706 2252 966 2314 flammas,
1007 2253 1250 2314 classica‚
1287 2251 1406 2299 vela
1445 2266 1618 2314 paras,

180 2346 247 2393 Se
287 2347 499 2394 decoret
535 2345 682 2393 miles
719 2345 887 2406 lauru,
926 2346 1282 2408 decorentqve
1319 2344 1514 2403 Poetaef,

315 2437 392 2485 De
433 2437 582 2485 Caeso
622 2437 784 2500 figant
823 2437 943 2484 bina
980 2436 1217 2499 trophaea
1254 2436 1431 2484 Dano:

181 2530 401 2578 Castalis
438 2530 488 2576 in
528 2529 763 2577 CAROLI
799 2529 984 2577 laudes
1022 2544 1162 2576 nunc
1202 2529 1356 2576 exeat
1395 2528 1580 2586 omnis,

313 2622 370 2669 In
406 2621 591 2669 laudes
628 2622 768 2669 vena
805 2621 1041 2668 liberiore
1080 2619 1222 2669 fluat.
