2299 3188
391 195 447 238 58

376 325 610 389 Cumqve
649 339 776 371 suas
815 323 1031 372 volucer
1068 324 1308 373 vibrabat
1344 324 1395 371 in
1434 326 1559 373 aere
1598 339 1821 387 pennas,

509 415 706 464 Umbra
743 415 781 464 ὣ
818 415 914 463 sub
953 416 1110 479 ponto
1149 416 1266 464 visa
1302 415 1528 464 volantis
1568 416 1701 464 erat:

372 509 599 573 Ipsaqve
637 507 733 555 sub
771 506 996 571 lymphis
1034 507 1279 571 speciosa
1315 507 1507 556 tuentis
1543 507 1719 571 imago

513 599 765 661 Constitit,
801 599 1013 647 inverso
1054 613 1173 647 cum
1209 600 1343 663 pede
1379 599 1561 665 juncta
1598 599 1736 662 pedi:

377 693 507 743 Cum
544 707 642 740 sua
678 691 916 739 membra
953 693 1148 754 movet„
1184 707 1282 740 sua
1315 691 1552 740 membra
1577 691 1828 740 movebat
1853 692 2053 754 imago:

510 784 654 845 Risit,
692 783 787 830 sub
826 783 996 831 medio
1034 784 1144 832 risit
1181 784 1218 832 ἃ
1254 783 1441 831 umbra
1476 783 1625 833 freto.

376 878 480 927 Sed
517 875 668 925 simul
705 875 824 924 huic
862 875 1009 924 latuit
1044 876 1250 925 Nereus
1289 876 1642 924 conterminus
1680 875 1897 936 umbrae,

511 970 674 1033 Inqve
713 967 822 1015 suis
858 967 1042 1031 gelidis
1082 968 1207 1016 arsit
1243 968 1461 1016 Amator
1500 968 1672 1031 aqvis:

377 1062 445 1109 Os
485 1060 607 1125 qvia
642 1058 948 1122 Virgineum
987 1060 1162 1108 densis
1199 1059 1433 1123 suspexit
1471 1059 1534 1107 ab
1575 1059 1715 1107 auris

513 1150 633 1200 Sole
670 1165 1060 1215 repercussum7
1096 1150 1361 1215 pulchrius
1397 1151 1516 1199 inde
1553 1150 1657 1197 fuit.

375 1244 491 1293 Non
529 1258 687 1292 secus
726 1258 789 1291 ac
829 1257 1029 1307 aqveos
1066 1242 1158 1290 Iris
1196 1244 1437 1306 spect-ata
1473 1256 1565 1306 per
1604 1256 1777 1301 arcus,

513 1335 629 1384 Non
666 1349 826 1382 secus
866 1349 929 1382 ac
962 1333 1064 1381 Eos
1104 1349 1223 1382 cum
1262 1334 1362 1382 exit
1400 1334 1437 1382 ἅ.
1473 1334 1629 1381 intrat
1667 1348 1856 1396 aqvas:

376 1427 552 1475 Haeret
588 1426 639 1474 in
678 1426 858 1475 obtutu
897 1425 1100 1488 subqve
1138 1425 1289 1472 undis
1330 1425 1552 1489 concipit
1586 1425 1781 1490 ignem7

513 1518 676 1581 Inqve
716 1532 811 1566 suo
850 1517 1064 1565 insidias
1104 1531 1317 1580 aeqvcre
1351 1518 1493 1563 tutus
1532 1517 1659 1581 agit:

376 1608 438 1656 Et
474 1608 628 1657 modo
666 1624 807 1658 nunc
846 1609 947 1657 udo
988 1610 1198 1656 centum
1237 1608 1332 1655 sub
1370 1609 1584 1672 pectore
1622 1609 1819 1667 versat,

513 1700 575 1747 Et
609 1700 764 1748 modo
797 1700 906 1765 Jam
945 1702 1155 1748 centum
1192 1714 1296 1748 non
1335 1699 1520 1763 probat
1556 1699 1643 1748 Ille
1683 1700 1842 1748 dolos.

376 1794 494 1841 Jam
531 1792 696 1840 trifido
735 1791 897 1840 voluit
932 1791 1050 1839 litus
1089 1791 1397 1839 subvertere
1436 1790 1555 1852 telo,

512 1883 580 1931 Ut
617 1883 807 1932 suimet
845 1883 978 1932 ulnis
1019 1883 1325 1946 excipienda
1365 1883 1536 1931 cadat.

376 1975 495 2023 «Iam
532 1974 705 2038 placet
744 1974 773 2023 a
812 1977 917 2024 tcto
957 1989 1239 2024 secernere
1278 1974 1422 2022 litore
1460 1974 1595 2036 litus,

518 2067 586 2115 Ut
624 2065 701 2114 sic
742 2067 1037 2130 amplexum
1077 2069 1261 2131 sponte
1298 2066 1534 2132 juvantis
1573 2065 1759 2125 amet¹3

377 2161 496 2209 Jam
535 2173 714 2208 comes
754 2174 874 2208 esse
913 2160 1021 2208 suis
1061 2173 1193 2222 qvas
1229 2158 1457 2207 Phoebus
1497 2157 1685 2222 colligit
1722 2154 1892 2214 undis,

512 2251 684 2298 Imber
720 2255 777 2300 ut
812 2253 862 2299 in
900 2250 1197 2315 Nympham
1235 2252 1377 2297 tutus
1412 2250 1631 2298 Amator
1668 2248 1770 2296 eat.

376 2344 619 2406 Increpat
654 2343 771 2408 lpse
808 2346 985 2391 tamen
1025 2341 1108 2402 Se,
1147 2357 1271 2390 nam
1308 2357 1412 2390 non
1452 2355 1572 2390 esse
1610 2340 1893 2387 venustum

512 2434 664 2497 Dicit,
701 2434 936 2498 pollicitis
975 2435 1055 2484 est
1094 2434 1350 2497 capienda
1386 2433 1540 2493 meis;

377 2527 633 2575 Protenus
666 2524 694 2574 e
734 2526 950 2574 summis
995 2541 1185 2574 canum
1225 2527 1381 2588 caput
1419 2524 1594 2573 extulit
1631 2523 1800 2583 undis,

511 2619 579 2665 At
616 2633 715 2665 sua
749 2617 966 2665 canities
1003 2618 1185 2665 fronde
1226 2618 1477 2680 adoperta
1515 2616 1627 2664 fuit:

495 2742 505 2761 ¹
533 2741 606 2777 Ed.
634 2741 763 2778 Scala:
789 2750 900 2777 amat.
