2299 3188
1812 271 1865 313 77

619 399 684 454 In
729 400 915 454 Poetae
960 404 993 451 ἃ
1043 399 1250 453 Puellae
1293 398 1542 470 Nuptias,

312 519 473 568 Ncole
514 519 887 568 Parnassum
924 534 1080 579 nune,
1120 517 1351 582 Sponse!
1392 518 1689 582 adamaque

1459 610 1807 672 Camenam3

370 703 845 767 Virgineumque
884 701 1000 750 sinu
1038 716 1178 749 nunc
1216 700 1510 750 Helicona
1549 701 1685 752 fove.

236 793 393 858 Sique
432 794 542 843 dies
581 795 714 843 aestu
755 793 943 855 caleat,
981 793 1024 842 si
1059 792 1208 841 labra
1246 793 1517 855 sitescam,

370 884 445 933 Ex
484 886 824 950 aganippeo
862 884 1082 949 plurima
1118 884 1260 933 fonte
1304 884 1468 935 bibas,

237 976 480 1026 Carmina
523 992 640 1026 cum
682 978 886 1039 cantas,
926 991 1044 1025 cum
1082 975 1265 1040 plectis
1303 976 1509 1040 pectine
1547 992 1759 1041 ne1²VOS‚

371 1069 616 1134 Tangere
653 1069 737 1117 fac
776 1083 1030 1118 nervum
1069 1068 1237 1116 discat
1273 1069 1329 1115 ut
1365 1067 1454 1116 Illa
1492 1070 1677 1120 tuum:

234 1160 293 1208 Et
334 1176 451 1209 cum
490 1175 583 1225 per
619 1175 841 1210 resonas
877 1160 985 1226 jam
1022 1159 1155 1207 ludis
1195 1159 1448 1208 arundine
1487 1160 1666 1224 silvaS‚

371 1253 486 1302 Non
523 1252 703 1317 procul
739 1268 771 1301 a
807 1252 1006 1317 sponsa
1041 1250 1186 1300 ludat
1225 1252 1454 1301 arundo
1491 1252 1621 1303 Tua.

979 1381 1175 1435 Aliter.

237 1486 403 1637 EN
441 1492 619 1540 vates!
657 1490 958 1554 geminam
997 1491 1090 1539 sed
1128 1490 1178 1538 in
1218 1492 1325 1538 una
1363 1491 1564 1556 virgine
1602 1494 1831 1542 Musam

427 1582 574 1645 Tam,
594 1583 879 1632 Romane!
901 1584 1064 1646 tuam,
1086 1597 1243 1647 qvam
1267 1599 1491 1650 qvoque‚
1512 1586 1730 1636 Svece!
1753 1587 1912 1636 tuam.

446 1759 884 1831 Epithalamium
927 1760 984 1812 in
1027 1759 1187 1812 amici
1230 1766 1408 1832 poetae
1450 1761 1701 1834 Nuptias,

345 1869 573 1918 Rmisoni
611 1869 857 1932 strepitus
896 1868 1075 1932 procul
1113 1868 1232 1917 hinc
1270 1870 1449 1933 procul
1489 1872 1600 1918 este
1638 1871 1871 1931 timoresg

413 1960 473 2007 Et
509 1960 689 2024 triplex
726 1960 905 2024 triplici
943 1975 1120 2008 rumor·
1158 1961 1221 2008 ab
1261 1961 1412 2010 hoste
1450 1964 1586 2012 tace.

230 2052 325 2099 Ast
365 2051 623 2100 Citharae
660 2051 885 2099 subeant
926 2067 989 2100 ac
1027 2052 1159 2115 pulsi
1196 2053 1401 2116 pectine
1440 2055 1634 2104 nervi:

366 2143 527 2191 Multa
562 2143 671 2191 Tibi
710 2143 743 2191 ἅ
784 2143 948 2191 svetis
986 2145 1180 2207 gaudia
1217 2145 1400 2211 juncta
1434 2146 1581 2211 jocis,

228 2235 307 2282 Ad
346 2250 621 2283 numerum
658 2234 905 2298 nymphae
943 2235 1132 2283 saliant
1168 2236 1522 2300 plaudantque
1563 2236 1802 2297 choreas,

366 2326 582 2375 Molliter
621 2326 877 2374 alternent
913 2326 997 2374 hae
1035 2326 1346 2391 sinuentque
1384 2329 1562 2391 pedes,

229 2419 363 2467 Nam
403 2420 553 2466 datur
589 2432 786 2465 xxxx
824 2418 1014 2483 conjux
1052 2418 1203 2466 datur
1242 2433 1369 2468 ecce
1406 2435 1547 2467 ccxx

364 2510 617 2573 Incipiunt
653 2509 845 2572 pariter
882 2509 1109 2574 conjuge
1151 2510 1185 2557 ἅ
1227 2510 1380 2558 ambo
1418 2510 1529 2561 frui.

228 2602 330 2650 Ille
368 2602 497 2665 lyrae
533 2601 698 2649 solers
735 2602 809 2648 tot
848 2602 1056 2649 amatus
1094 2615 1236 2665 saepe
1277 2600 1538 2661 CameniS‚

364 2692 526 2740 Unius
565 2694 644 2741 est
680 2691 938 2756 Nymphae
975 2707 1079 2741 non
1117 2693 1213 2740 nisi
1250 2693 1422 2741 factus
1462 2707 1623 2742 amor.

228 2784 424 2832 Dicitur
459 2784 584 2832 Haec
623 2783 795 2849 (liceat
832 2783 1065 2833 laudanti
1104 2785 1319 2833 credere
1356 2785 1513 2833 famae

365 2875 492 2924 Cum
530 2891 628 2923 nee
668 2876 839 2924 adhue
879 2876 1040 2924 oculis
1077 2878 1202 2924 nota
1240 2877 1302 2924 sit
1339 2876 1427 2923 Illa
1466 2875 1615 2940 meis)
