2299 3188
382 166 434 210 16

1229 311 1262 336 v.
1301 298 1361 336 15.

454 376 660 425 Scilicet
696 378 752 423 ut
789 392 1009 440 superos
1047 378 1252 439 timeas,
1289 377 1660 439 praeceptaque
1699 389 1906 424 serves:

587 468 654 516 Ut
690 470 782 517 tua
819 469 884 516 sit
919 469 1095 517 verbis
1136 482 1374 516 consona
1408 468 1518 515 vita
1554 466 1667 516 Dei.

454 561 625 624 thue
663 560 866 608 habeas
904 559 1058 608 Trino
1098 560 1368 608 sacratum
1405 558 1629 606 Numine
1666 560 1872 622 pectUS‚

588 652 650 699 Et
684 653 777 700 tua
814 652 937 699 dent
973 651 1221 715 templum
1257 652 1476 715 pectora
1514 652 1664 698 casta
1700 649 1830 699 Dec.

453 744 581 792 Hinc
619 744 836 808 plausus
872 743 1103 804 Veniunt,
1143 743 1422 790 commixta
1459 742 1577 789 hinc
1617 742 1814 806 gaudia
1848 740 1998 798 ludis,

590 835 756 884 inficit
793 835 830 883 ἅ
867 834 1037 882 nullus
1075 835 1271 899 gaudia
1308 835 1458 882 tanta
1497 833 1656 881 dolor.

1234 1010 1266 1034 v.
1303 997 1363 1035 16.

455 1077 713 1125 Maximus
750 1076 801 1123 in
837 1077 1030 1139 puncto
1071 1074 1369 1123 dissoivitur
1407 1075 1544 1123 orbis
1581 1075 1619 1123 Sc
1658 1075 1786 1124 axis,

592 1168 793 1216 Emicat
831 1182 859 1215 e
899 1167 1041 1216 coelis
1078 1167 1284 1214 Arbiter
1319 1167 1431 1230 ipse
1471 1166 1625 1215 celer.

458 1261 555 1309 Hic
592 1260 797 1324 reteget
831 1261 1046 1320 tectum,
1081 1258 1229 1306 latuit
1267 1259 1420 1321 quod,
1458 1259 1624 1306 mittet
1660 1257 1710 1304 in
1750 1271 1924 1305 auras,

594 1350 686 1398 Hic
729 1350 869 1397 dabit
905 1350 955 1396 in
991 1351 1194 1413 stygios
1234 1351 1450 1398 crimina
1486 1349 1627 1398 foeda
1663 1349 1828 1398 lacus,

467 1441 557 1490 Cui
593 1442 761 1505 pietas
800 1441 837 1489 ἃ,
876 1455 1039 1502 amor⁷
1079 1441 1160 1489 cui
1197 1456 1348 1489 mens
1385 1441 1436 1487 in
1474 1442 1687 1504 pectore
1726 1440 1931 1500 sancta,

599 1533 661 1580 Ei
699 1534 840 1582 dabit
876 1533 986 1596 ipse
1020 1531 1167 1581 Deus
1206 1548 1265 1581 se
1303 1534 1415 1581 sine
1454 1532 1556 1580 fine
1594 1532 1712 1580 frui:

459 1626 621 1689 Inque
662 1626 776 1691 ejus
817 1625 1059 1673 diadema
1098 1625 1277 1686 comis,
1314 1625 1365 1672 in
1402 1624 1570 1672 fronte
1610 1638 1878 1685 coronam,

596 1718 652 1764 In
690 1717 933 1766 manibus
971 1718 1239 1780 sceptrum
1277 1717 1453 1780 ponet,
1489 1716 1539 1763 in
1581 1731 1668 1764 ore
1705 1716 1874 1781 jubar.
